2540 4354
434 376 535 428 266
835 394 1123 427 nunaunt:
1165 395 1241 426 DE
1279 375 1693 435 ιἰΝρυιειτιοΝ
1746 393 2062 436 FRANQMSE

1300 609 1606 668 -176—

507 771 634 822 Acte
664 770 996 821 consistorial
1026 772 1097 821 da
1129 771 1196 820 18
1225 771 1411 836 sevrier
1444 771 1595 822 1340.
1630 800 1698 807 -
1728 771 1774 820 Α
1810 771 2042 838 l’e'poqae
2072 772 2132 820 de
2163 771 2215 820 la
2244 789 2445 835 promo-

438 856 549 905 tion
587 857 647 905 de
685 855 906 920 l'eveque
944 855 1148 917 d’Albi,
1190 855 1370 906 Pierre
1408 857 1468 906 de
1514 855 1626 917 Vie,
1667 855 1785 921 cinq
1824 856 2032 906 consuls
2071 856 2131 905 de
2170 865 2288 904 cette
2328 854 2444 905 ville

439 940 628 990 etaient
661 958 821 989 venus
853 943 886 989 ἀ
920 939 1172 1004 Avignon
1204 941 1386 990 rendre
1414 941 1690 1005 ‘hommage
1722 959 1793 990 aa
1810 959 1948 1006 pape
1966 941 2106 990 Jean
2123 939 2323 1001 XXII,
2343 958 2449 989 aaa:

438 1024 735 1075 cardinaax
765 1034 809 1073 et
839 1027 872 1073 ἀ
905 1024 1015 1073 leur
1049 1043 1287 1074 nouveaa
1319 1035 1548 1089 pastear,
1583 1043 1654 1074 aa
1688 1044 1808 1075 nom
1839 1025 1898 1074 de
1930 1026 2067 1074 lears
2100 1023 2442 1088 concitoyenS.

441 1108 582 1158 L’un
619 1108 790 1171 d’eax,
838 1108 1044 1158 Giraacl
1081 1109 1212 1170 Coll,
1251 1128 1303 1158 se
1341 1109 1574 1175 plaignit
1611 1128 1682 1158 aa
1719 1109 1865 1174 jatur
1905 1110 2093 1158 Benoit
2129 1108 2272 1169 XII,
2311 1109 2447 1158 alors

438 1192 680 1243 cardinal
716 1192 996 1254 Foarnier,
1034 1194 1121 1243 des
1158 1198 1300 1243 exces
1337 1193 1552 1243 commis
1589 1197 1621 1243 ὰ
1658 1194 1786 1243 Albi
1824 1212 1923 1258 par
1959 1193 2183 1243 certains
2223 1191 2446 1242 notaires

438 1296 505 1327 ou
531 1277 675 1342 jures
704 1277 764 1327 de
792 1277 1179 1343 l’Inquisition‚
1212 1278 1508 1343 coupableS,
1539 1277 1785 1340 disait-il,
1816 1277 2147 1342 d'injastices
2176 1288 2221 1327 et
2248 1277 2446 1327 d’exac-

438 1362 592 1413 tions.

512 1448 651 1496 Jean
683 1448 867 1497 XXII
903 1459 1110 1498 mearat
1140 1466 1232 1497 sar
1263 1467 1342 1498 ces
1375 1448 1687 1513 entresaites.
1725 1449 1913 1498 Benoit
1946 1447 2070 1498 XII
2104 1447 2181 1496 lui
2214 1447 2445 1498 succeda.

442 1532 597 1581 Alors
659 1532 838 1582 Menet
883 1532 943 1582 de
990 1533 1294 1594 Robecourt,
1342 1532 1627 1583 soi-disant
1673 1532 2032 1582 commissaire
2078 1532 2137 1582 de
2183 1530 2447 1597 l’inqaisi·

439 1627 551 1666 tear
591 1617 650 1666 de
691 1617 1070 1679 Carcassonne,
1114 1629 1340 1682 prenant
1379 1621 1601 1682 pretexte
1641 1618 1727 1667 des
1768 1616 1997 1682 plaintes
2037 1616 2313 1681 formalees
2353 1633 2450 1681 par

439 1701 511 1750 les
551 1701 760 1751 consuls
799 1701 1002 1763 d’Albi,
1045 1712 1256 1751 entama
1294 1713 1464 1752 contre
1504 1721 1603 1751 eux
1645 1720 1745 1751 ane
1784 1701 1958 1752 action
1994 1700 2282 1765 judiciaire
2323 1719 2452 1763 pour

439 1785 586 1834 avoir
615 1789 746 1835 tente
775 1786 1095 1852 d’empecher
1126 1787 1169 1836 le
1199 1787 1329 1837 libre
1359 1787 1580 1836 exercice
1609 1786 1669 1836 de
1699 1785 2085 1851 l’Inqaisition.

514 1870 703 1919 Benoit
737 1870 863 1920 XII
898 1871 1093 1936 appela
1127 1871 1356 1937 l'affaire
1391 1875 1423 1920 ἀ
1458 1890 1554 1921 son
1588 1871 1827 1921 tribunal
1861 1882 1904 1920 et
1940 1889 2004 1920 en
2039 1871 2221 1934 confia.
2248 1871 2301 1919 la
2333 1890 2449 1920 con·

441 1954 599 2016 eluite,
635 1955 869 2017 d'abord,
905 1974 976 2005 αιι
1009 1956 1251 2006 cardinal
1283 1956 1543 2006 Bertrand
1575 1957 1634 2005 cle
1670 1955 1987 2020 Montsavez,
2023 1955 2148 2020 puis
2182 1973 2252 2004 aa
2285 1955 2450 2006 cardi-

443 2039 534 2089 nal
581 2039 761 2089 Pierre
808 2040 1084 2091 Bertrand.
1135 2041 1233 2090 Les
1281 2041 1457 2090 debats
1505 2040 1681 2105 jurent
1726 2040 1892 2104 longs.
1944 2040 2028 2090 On
2073 2039 2305 2089 entendit
2353 2058 2451 2091 une

441 2122 581 2188 scale
609 2124 668 2173 de
697 2124 918 2174 temoins
947 2124 1070 2175 cites
1098 2128 1131 2174 ἀ
1159 2126 1212 2175 la
1241 2129 1438 2190 requete
1466 2125 1552 2175 cles
1583 2125 1718 2174 deux
1746 2124 1960 2189 parties,
1992 2123 2092 2174 soit
2120 2127 2152 2173 ὰ
2183 2123 2452 2189 Avignon,

441 2207 542 2258 soit
577 2208 809 2262 aillears.
849 2209 1018 2275 Enfin
1054 2210 1243 2261 Benoit
1277 2210 1402 2260 XII
1438 2229 1502 2259 en
1536 2229 1793 2275 personne
1824 2228 2093 2274 prononca-
2123 2210 2176 2259 la
2203 2220 2451 2259 sentence.

453 2292 698 2343 Gairaad
736 2294 867 2355 Coll,
909 2294 1184 2360 principal
1223 2294 1483 2355 interesse,
1525 2295 1605 2360 sut
1645 2295 1829 2344 retabli
1869 2295 2003 2344 dans
2043 2305 2156 2344 toas
2196 2313 2275 2343 ses
2292 2293 2450 2343 droit-5

442 2387 488 2426 et
525 2377 659 2427 dans
697 2396 758 2427 sa
800 2378 965 2428 bonne
1003 2383 1317 2442 renommee;
1356 2380 1426 2429 les
1465 2379 1599 2444 srais
1638 2380 1709 2429 cla
1747 2383 1924 2444 proces
1963 2390 2007 2428 et
2045 2379 2115 2429 les
2154 2379 2450 2443 dommages

441 2462 591 2512 subis
627 2481 725 2527 par
759 2462 836 2512 lai
871 2463 1108 2514 devaient
1143 2464 1220 2513 lai
1255 2468 1354 2514 etre
1389 2464 1624 2514 restitues
1659 2482 1758 2529 par
1792 2482 1888 2513 son
1921 2463 2232 2514 adversaire.
2275 2462 2449 2514 Menet

445 2549 505 2597 de
530 2549 816 2599 Robecourt
838 2549 962 2599 etait
985 2554 1199 2616 revoque
1221 2551 1280 2600 de
1303 2570 1398 2600 son
1421 2551 1560 2616 office
1583 2551 1642 2601 de
1666 2550 2025 2600 comrnissaire
2061 2550 2121 2599 de
2173 2547 2450 2614 l’Inquisi·

443 2632 555 2682 tion
594 2644 638 2682 et
678 2634 876 2683 declare
918 2634 1098 2700 inapte
1137 2638 1170 2684 ὰ
1210 2635 1432 2684 νεοενοίν
1475 2654 1575 2684 une
1616 2636 1800 2698 charge
1841 2634 2153 2700 quelconqae
2193 2634 2326 2683 dans
2382 2651 2451 2682 an

445 2716 684 2767 tribunal
723 2711 1102 2783 inquisitorial.
1144 2748 1213 2755 —
1251 2719 1524 2784 Avignon,
1568 2719 1631 2769 18
1671 2719 1868 2770 sevrier
1909 2718 2059 2769 1340.

792 2854 957 2906 Regest.
981 2854 1135 2906 Auen„
1160 2862 1192 2895 t.
1218 2869 1310 2906 ων,
1332 2854 1407 2895 fol.
1432 2855 1508 2902 88;
1531 2854 1635 2906 Reg.
1680 2854 1791 2905 Vat„
1830 2861 1862 2894 t.
1902 2867 2102 2904 cxxvur,
2139 2867 2180 2892 n.
2206 2853 2280 2899 58;
2324 2850 2447 2894 J.-M.

735 2923 880 2976 Vidal,
906 2925 1062 2965 Benoit
1086 2924 1205 2977 XII,
1232 2939 1273 2965 n.
1302 2925 1412 2965 8153
1443 2922 1617 2977 (anal.);
1646 2924 1794 2964 Menet
1817 2923 1866 2963 cle
1891 2923 2140 2974 Robecourl,
2167 2923 2278 2963 dans
2294 2920 2454 2974 Moyen

732 2995 825 3047 age,
853 2995 981 3047 1903,
1008 3009 1052 3049 p.
1081 2995 1178 3036 438.

518 3115 600 3166 Ad
640 3116 886 3166 suturam
922 3115 999 3165 rei
1035 3114 1374 3165 memoriam.
1413 3144 1482 3150 —
1522 3114 1582 3165 In
1618 3114 1948 3164 immensum
1986 3112 2179 3162 crescit
2216 3128 2452 3177 presum-

445 3209 628 3250 torum
658 3200 933 3265 impunita
963 3199 1245 3250 temeritas
1275 3210 1330 3249 et
1359 3218 1469 3249 non
1498 3200 1706 3264 absque
1734 3197 1936 3248 lesione
1967 3197 2267 3247 multorum
2297 3193 2452 3246 nimis

444 3284 726 3335 relaxatur
770 3284 1139 3349 delinquenda
1184 3284 1405 3334 licentia
1453 3302 1558 3348 que
1601 3283 1731 3333 iuris
1776 3280 2023 3331 terminis
2069 3299 2179 3331 non
2222 3289 2449 3331 arcetur.

449 3367 673 3418 Dudum
719 3367 990 3433 siquidem
1035 3368 1091 3418 in
1137 3367 1497 3434 promotionis
1544 3377 1729 3417 nostre
1775 3363 2084 3431 primordiis
2130 3365 2199 3415 ad
2245 3363 2450 3429 apicem

447 3452 746 3518 apostolice
781 3452 1085 3518 dignitatis,
1122 3471 1218 3518 pro
1255 3463 1410 3518 parte
1429 3452 1614 3502 dilecti
1650 3451 1746 3501 filii
1782 3440 2047 3500 Guiraudi
2082 3449 2215 3499 Colli
2248 3447 2284 3509 ¹,
2321 3445 2448 3497 civis

449 3536 736 3599 Albiensis,
791 3536 897 3587 fuit
949 3537 1294 3603 propositum
1348 3555 1531 3587 coram
1598 3534 1752 3586 nobis
1807 3534 1953 3600 quod
2007 3533 2154 3594 olim,
2209 3543 2447 3597 tempore

450 3620 717 3670 ,Iohannis
757 3639 898 3686 pape
941 3621 1113 3671 XXII
1153 3620 1544 3687 predecessoris
1584 3618 1775 3680 nostri,
1816 3619 1955 3668 bone
1997 3616 2253 3667 memorie
2294 3616 2446 3667 Petro

451 3706 515 3753 de
554 3704 652 3755 Via
686 3704 724 3767 ²,
760 3706 1014 3772 episcopo
1051 3715 1184 3755 tunc
1218 3705 1390 3754 electo
1428 3704 1638 3754 Albion.
1677 3713 1732 3752 et
1767 3704 1832 3752 de
1867 3720 2012 3752 novo
2048 3719 2141 3768 per
2176 3699 2446 3766 predeces-

451 3806 624 3838 sorem
679 3790 913 3840 eundem
967 3800 1221 3856 promoto
1275 3790 1329 3840 in
1382 3789 1700 3856 episcopum
1737 3786 1968 3841 Albien.‚
2024 3805 2087 3837 ac
2142 3779 2448 3836 huiusmodi
