2540 4354
474 370 581 428 334
870 387 1156 423 BULLAIRE
1194 390 1266 422 DE
1301 368 1719 431 L’1NQU181T10N
1755 388 2073 437 FRANQMSE

472 507 533 558 de
572 517 753 573 quatre
798 504 985 571 flor-ins
1027 523 1129 571 par
1168 503 1289 570 jour
1331 505 1419 556 des
1462 525 1748 572 per-§onnes
1791 507 2200 575 ecclesiastiques
2243 509 2375 560 dans
2418 512 2486 563 les

470 591 700 642 localitas
734 592 1011 640 traverse'es
1046 607 1145 655 par
1176 607 1292 640 eux.
1328 619 1398 626 —
1429 589 1702 656 Avignon,
1738 591 1805 642 30
1840 610 1982 643 mars
2020 592 2170 644 1354.

829 724 933 777 Reg.
962 725 1118 777 Auen„
1146 731 1179 765 t.
1209 737 1410 777 cxxvm,
1438 724 1513 766 fol.
1542 725 1614 777 45,
1642 739 1685 766 n.
1714 726 1756 778 9,
1783 725 1834 766 de
1861 725 2018 776 Curia3
2049 727 2217 780 Mahul,
2246 727 2487 774 Cartalaire

761 796 864 837 de...
889 794 1199 847 Carmssonne,
1221 802 1254 836 t.
1277 808 1322 848 v,
1342 809 1386 849 p.
1410 794 1492 836 690
1516 793 1686 849 (anah).

551 918 756 971 Dilecto
803 916 913 968 filio
959 915 1188 967 Amedio
1235 916 1301 965 de
1345 916 1602 981 Lingonis
1629 915 1665 979 ¹,
1713 917 1915 968 ordinis
1960 917 2196 970 fratrum
2241 919 2481 985 predica·

466 1015 652 1054 torum
693 1001 1006 1069 professori,
1049 1000 1364 1067 inquisitori
1405 1001 1642 1051 heretice
1683 1001 1978 1067 pravitatis
1996 1002 2052 1053 in
2067 1020 2231 1068 regno
2253 1003 2475 1060 Francie

466 1086 802 1140 auctoritate
856 1085 1159 1153 apostolica
1217 1086 1505 1151 deputato,
1565 1085 1894 1137 Carcassone
1951 1105 2162 1139 moram
2217 1089 2478 1159 trahenti,

464 1173 720 1235 salutem,
762 1181 867 1223 etc.
914 1199 983 1206 —
1023 1170 1161 1221 Cum
1202 1188 1376 1237 nuper
1419 1171 1865 1223 mandaverimus
1909 1172 2056 1238 quod
2099 1174 2379 1226 ‚Iohannes
2412 1175 2477 1226 do

465 1255 760 1308 Castillone
815 1266 872 1306 et
930 1255 1250 1307 Franciscus
1307 1255 1373 1306 de
1429 1255 1679 1322 Arquata
1735 1258 1868 1321 [etc.‚
1941 1275 2135 1308 comme
2204 1257 2473 1322 ci-dessus,

464 1360 514 1392 n.
567 1340 671 1391 215
703 1339 943 1407 jusqu’c'z]
977 1342 1346 1402 adducantur,
1385 1339 1702 1391 discretioni
1736 1351 1831 1391 tue
1867 1359 1963 1407 per
2007 1342 2308 1408 apostolica
2355 1343 2477 1396 scri·

463 1436 558 1491 pta
597 1426 998 1477 committimus
1036 1436 1092 1476 et
1130 1426 1477 1488 mandamus,
1517 1426 1778 1492 quatinus
1816 1427 2027 1477 dilectis
2050 1427 2172 1477 filiis
2194 1426 2476 1478 Guillelmo

464 1510 678 1561 Picardi
718 1521 774 1560 et
818 1511 1106 1561 Guillelmo
1154 1510 1395 1562 Naudini
1436 1511 1501 1560 de
1545 1511 1896 1574 Carcassona,
1953 1511 2181 1563 notariis
2225 1510 2478 1577 publicis,

459 1606 515 1645 et
554 1596 671 1647 aliis
712 1614 808 1662 per
846 1614 982 1662 quos
1022 1596 1265 1662 prefatos
1307 1596 1620 1647 Johannem
1659 1606 1715 1646 et
1770 1595 2122 1647 Franciscum
2161 1595 2230 1647 ad
2272 1595 2475 1647 dictam

461 1680 678 1732 Curiam
735 1681 937 1732 adduci
994 1680 1302 1746 contigerit,
1362 1680 1585 1746 singulis
1643 1681 1852 1746 diebuS,
1911 1681 1981 1732 ad
2037 1681 2215 1747 ipsam
2258 1680 2469 1731 Curiam

459 1766 750 1828 veniendo,
770 1766 836 1816 de
856 1777 1096 1833 quatuor
1118 1765 1332 1817 florenis
1353 1766 1472 1817 auri
1489 1783 1586 1832 pro
1619 1783 1808 1816 eorum
1825 1765 2139 1817 necessariis
2172 1784 2202 1817 a
2236 1765 2473 1832 personis

458 1851 838 1902 ecclesiasticis
877 1851 1148 1918 exemptis
1187 1861 1244 1901 et
1281 1869 1392 1902 non
1430 1851 1701 1917 exemptis
1757 1850 2094 1917 quibuslibet
2131 1852 2272 1915 [eta]
2308 1849 2471 1901 facias

460 1935 794 1987 auctoritate
844 1947 1030 1988 nostra
1082 1936 1290 2001 integre
1339 1935 1632 2002 provideri.
1701 1935 2141 1988 Contradictores
2205 1936 2357 2000 [etc.].

469 2021 670 2071 Datum
718 2020 995 2083 Aviuioni,
1045 2040 1110 2070 111
1158 2021 1419 2072 kalendas
1466 2019 1669 2087 apriliS,
1717 2039 1861 2071 anno
1907 2019 2165 2070 secundo,

521 2197 561 2239 1.
595 2197 861 2240 Successeur
889 2198 1117 2251 d'Aymon
1148 2198 1202 2239 de
1233 2198 1459 2239 caumont
1491 2197 1549 2251 (n.
1582 2197 1680 2251 162)
1715 2212 1773 2240 ou
1803 2196 2028 2239 d’lmhert
2054 2196 2113 2237 de
2140 2195 2249 2237 Sens
2282 2193 2474 2249 (d'apreu

455 2266 629 2320 Bouges
664 2276 710 2310 et
743 2268 933 2322 Mahul),
968 2269 992 2308 a
1014 2267 1322 2321 l'Inquisition
1357 2268 1674 2321 carcassonne,
1708 2268 1739 2308 il
1773 2276 1889 2309 reste
1924 2281 1979 2308 en
2029 2267 2192 2320 charge
2239 2264 2466 2320 probable·

454 2347 581 2379 ment
614 2338 796 2392 jusqu’a
817 2339 1020 2380 l'arrivee
1049 2330 1291 2381 d’Etienne
1319 2340 1375 2380 de
1404 2338 1599 2379 Ecclesia
1629 2338 1689 2393 (n.
1719 2339 1818 2391 223,
1840 2346 1947 2380 note
1965 2337 2025 2391 1).
2046 2336 2124 2379 Ses
2143 2344 2264 2378 actes
2299 2347 2472 2377 comme

454 2408 731 2462 inquisiteur
751 2423 864 2451 nous
885 2418 991 2452 sont
1011 2410 1244 2452 inconnuS.
1269 2409 1377 2452 Voir
1397 2410 1518 2451 deux
1538 2409 1800 2464 suppliques
1823 2410 1879 2450 de
1900 2408 1978 2461 lui,
2001 2422 2043 2449 n.
2069 2408 2165 2449 219.

1302 2774 1726 2835 -217-.

534 2941 699 2993 Lettre
725 2959 832 2991 aua:
857 2941 1049 3008 pre'lats
1075 2938 1209 2992 dans
1236 2940 1279 2992 le
1307 2946 1466 2991 mame
1491 2959 1626 2991 sens,
1656 2967 1723 2975 —-
1751 2937 2021 3003 Avignon,
2050 2935 2116 2986 30
2144 2953 2284 2986 mars
2305 2930 2453 2984 1354.

811 3077 915 3130 Reg.
940 3077 1092 3130 Awen„
1117 3083 1149 3117 t.
1175 3089 1374 3129 cxxvm,
1397 3075 1472 3117 fol.
1497 3076 1567 3128 45,
1590 3089 1632 3116 n.
1656 3075 1726 3127 10,
1749 3073 1799 3114 de
1820 3072 1970 3114 Curia.
2016 3071 2020 3074 ’

527 3200 658 3249 Ven.
701 3197 963 3249 fratribus
1005 3196 1332 3262 patriarchis
1373 3199 1505 3260 [etc.,
1548 3213 1740 3245 comme
1780 3193 2052 3253 ci-dessus,
2096 3209 2145 3240 η.
2188 3186 2304 3248 215,
2345 3181 2455 3244 216,

446 3282 689 3348 jusqu’d]
730 3283 1058 3332 mandantes
1102 3281 1363 3347 quatinus
1406 3281 1634 3330 dilectos
1679 3278 1815 3329 filios
1861 3277 2211 3327 Guillelmum
2254 3265 2456 3321 Picardi

447 3377 502 3414 et
542 3366 895 3415 Guillelmum
937 3365 1156 3430 Nadini‚
1177 3366 1242 3416 de
1282 3365 1635 3426 Carcassona,
1675 3363 1917 3413 notarios
1938 3359 2203 3427 publicos,
2240 3363 2294 3403 et
2329 3350 2455 3402 alios

450 3468 541 3515 per
570 3468 704 3515 quos
732 3450 908 3500 dictos
931 3450 1243 3501 Johannem
1261 3460 1315 3499 et
1337 3449 1688 3500 Franciscum
1708 3447 1776 3498 ad
1797 3447 2004 3496 dictam
2025 3442 2240 3494 Curiam
2260 3431 2449 3488 adduci

449 3534 759 3598 contigerit,
805 3553 928 3583 cum
972 3553 1065 3600 per
1108 3545 1290 3600 partes
1335 3544 1547 3584 vestras
1590 3531 1890 3584 transitum
1937 3528 2181 3589 fecerint,
2215 3523 2281 3573 ob
2312 3534 2451 3569 reve·

449 3618 685 3669 rentiam
726 3620 1025 3684 apostolice
1068 3619 1219 3669 Sedis
1260 3630 1316 3668 et
1355 3629 1603 3669 nostram
1645 3616 1873 3680 benigne
1913 3612 2232 3678 recipientes
2271 3614 2326 3653 et
2364 3603 2448 3651 ho·

448 3711 599 3750 neste
633 3711 958 3765 tractanteS,
992 3703 1066 3753 eis
1100 3703 1290 3754 diebus
1323 3703 1547 3768 singulis
1582 3702 1650 3752 ad
1699 3701 1905 3751 dictam
1940 3697 2155 3749 Curiam
2187 3683 2445 3742 veniendo

445 3785 510 3834 de
553 3794 790 3849 quatuor
827 3787 1041 3839 florenis
1075 3789 1193 3840 auri
1227 3806 1321 3854 pro
1356 3805 1543 3838 eorum
1576 3785 1892 3836 necessariis
1926 3792 1981 3833 et
2014 3781 2078 3831 de
2111 3791 2296 3829 securo
2330 3785 2452 3819 con·
2539 3784 2540 3808 1
