2540 4354
448 375 514 426 50
835 393 1123 427 BULLAIRE
1167 392 1241 425 DE
1285 375 1703 435 L’INQUISITION
1748 390 2070 434 FRANQAlsE

447 517 502 557 et
527 509 628 558 sub
657 508 905 559 custodia
938 508 1044 558 fida
1073 508 1326 557 detentos
1354 507 1422 557 ad
1449 523 1545 555 vos
1574 503 1722 555 mitti
1746 505 2000 554 volumus
2027 515 2082 554 ct
2110 506 2450 574 mandamus,

446 602 501 642 et
535 610 909 659 quoscumque
943 591 1076 642 alios
1110 590 1347 652 clericos,
1382 591 1446 640 de
1480 589 1678 655 quibus
1711 587 1867 638 vobis
1899 588 2195 651 videbitur,
2217 608 2454 641 summa-

446 676 519 727 rie
547 687 602 727 et
629 678 693 727 de
721 676 903 743 plano,
932 694 994 726 ac
1021 675 1133 725 sine
1161 674 1396 740 strepitu
1422 685 1476 723 et
1507 674 1678 738 figura
1704 672 1892 722 iudicii
1917 672 2207 738 inquiratis
2228 673 2454 738 diligen·

447 759 555 809 tius
593 759 912 823 veritatem3
950 769 1022 821 et,
1061 758 1105 809 si
1141 776 1236 824 per
1271 755 1682 822 inquisitionem
1715 755 1825 806 iam
1863 756 2088 818 factam,
2108 756 2194 806 vel
2231 775 2325 822 per
2359 775 2454 808 vos

447 843 772 905 faciendam,
793 861 886 893 seu
920 861 1014 908 per
1046 841 1439 892 confessionem
1473 859 1660 890 eorum
1680 850 1777 889 aut
1797 839 1927 890 alias
1949 843 2025 910 (a)
2044 839 2454 906 vobislegitime

447 927 757 978 constiterit
787 928 851 976 de
884 925 1157 992 premissis
1188 925 1274 975 vel
1305 943 1492 974 eorum
1523 923 1815 990 aliquibus,
1849 935 2038 974 contra
2070 942 2158 973 eos
2189 925 2258 974 ad
2289 943 2454 990 penas

445 1011 678 1073 debitas,
715 1010 884 1062 etiam
920 1009 1389 1075 degradationem,
1428 1027 1596 1074 quam
1632 1026 1727 1074 per
1761 1027 1859 1058 vos
1894 1019 1994 1058 aut
2029 1009 2165 1058 duos
2201 1027 2267 1058 ex
2302 1009 2455 1060 vobis

449 1094 563 1145 fieri
599 1095 872 1155 volumus,
913 1093 1073 1143 nullis
1112 1092 1379 1159 episcopis
1419 1111 1512 1143 seu
1551 1092 1774 1159 prelatis
1826 1091 1961 1155 aliis,
2015 1092 2059 1143 si
2110 1093 2298 1143 haberi
2347 1111 2454 1143 non

444 1179 656 1245 possint
695 1179 997 1239 commode,
1039 1177 1374 1239 convocatis,
1416 1188 1471 1227 et
1510 1195 1678 1243 penas
1718 1177 1849 1228 alias
1891 1176 2182 1242 graviores,
2223 1176 2266 1227 si
2304 1196 2454 1228 enor-

445 1263 706 1314 mitatum
757 1262 1000 1329 ipsarum
1053 1262 1295 1327 exegerit
1349 1261 1606 1327 qualitas,
1662 1261 1996 1312 auctoritate
2049 1272 2236 1312 nostra
2296 1261 2452 1314 iuxta

443 1347 751 1399 sanctiones
772 1346 1078 1408 canonicaS‚
1101 1346 1471 1412 appellatione
1493 1365 1585 1396 seu
1605 1346 1998 1413 provocatione
2017 1358 2247 1408 remota,
2270 1366 2452 1413 proce-

443 1432 586 1483 datis
620 1451 631 1481 :
666 1431 1060 1482 constitutione
1093 1430 1276 1497 aliqua
1309 1450 1419 1480 non
1453 1433 1728 1492 obstante,
1777 1450 1871 1481 seu
1927 1431 2280 1496 indulgentiis
2326 1450 2451 1498 apo-

441 1515 643 1567 stolicis
688 1515 864 1566 ordini
907 1515 1152 1582 predicto
1197 1515 1483 1576 concessis,
1531 1516 1676 1581 quod
1722 1517 1916 1566 fratres
1962 1515 2095 1566 dicti
2140 1515 2341 1566 ordinis
2360 1534 2455 1582 per,

439 1599 652 1651 litteras
688 1599 1019 1665 apostolicas
1055 1610 1334 1665 nequeant
1371 1598 1665 1660 conveniri,
1703 1601 1789 1649 vel
1826 1610 2014 1651 contra
2049 1599 2195 1666 ipsos
2231 1618 2452 1666 quoquo

442 1686 603 1735 modo
643 1683 864 1750 procedi
917 1702 1025 1734 non
1079 1684 1269 1749 possit,
1325 1683 1428 1734 nisi
1479 1684 1536 1734 in
1589 1684 1748 1734 dictis
1788 1684 1985 1734 litteris
2026 1686 2091 1735 de
2130 1684 2450 1754 indultis(b)

441 1768 755 1819 huiusmodi
790 1787 1087 1834 eorumque
1126 1779 1248 1818 toto
1286 1779 1476 1818 tenore
1514 1770 1579 1818 de
1618 1771 1785 1819 verbo
1826 1770 1893 1819 ad
1933 1770 2164 1819 verbum
2202 1769 2359 1835 plena
2397 1780 2452 1820 et

441 1872 696 1920 expressa
738 1853 942 1903 mentio
984 1854 1256 1903 habeatur
1305 1874 1316 1915 ;
1359 1852 1789 1904 contradictores
1831 1872 1925 1919 per
1965 1872 2250 1904 censuram
2289 1854 2450 1904 66616-
2515 1868 2519 1872 ’

440 1937 717 1989 siasticam
770 1936 1140 2003 appellatione
1194 1936 1499 2003 postposita
1534 1939 1970 2004 ‚compescenda
2026 1938 2213 1988 Testes
2266 1948 2450 1988 autem
2529 1976 2536 1982 .

441 2020 534 2088 qui
569 2022 774 2072 fuerint
811 2021 1098 2082 nominati,
1119 2021 1163 2072 si
1199 2039 1253 2071 se
1292 2021 1484 2087 gratia,
1507 2021 1629 2072 odio
1649 2022 1735 2072 vel
1753 2022 1948 2072 timore
1969 2025 2038 2093 (c)
2057 2022 2448 2084 subtraxerint,

441 2125 665 2158 censura
715 2106 877 2157 simili
925 2104 1293 2172 appellatione
1342 2117 1588 2157 cessante
1638 2106 1978 2173 compellatis
2027 2107 2252 2159 veritati
2299 2107 2449 2158 testi-

440 2191 684 2242 monium
717 2190 1016 2257 perhibere.
1053 2221 1122 2228 -
1155 2192 1363 2241 Datum
1397 2190 1674 2252 Avinioni,
1711 2210 1833 2241 xvn
1867 2192 1974 2244 kal.
2020 2191 2260 2258 augusti,
2309 2210 2450 2243 anno

434 2285 613 2326 tertio.

495 2450 551 2505 (a)
576 2451 816 2507 Wadding,
847 2452 989 2494 Eubel
1010 2468 1018 2493 :
1039 2451 1175 2494 aliter.

498 2522 552 2579 (b)
579 2522 820 2576 Wadding,
847 2524 1016 2564 Eubel:
1042 2522 1341 2574 indulgentiis.

498 2597 547 2651 (c)
573 2593 814 2648 Wadding,
841 2594 983 2635 Eubel
1012 2607 1197 2635 :amor-e.

491 2693 533 2734 1.
566 2693 683 2734 Jean
709 2693 952 2745 Raymond
977 2693 1033 2734 de
1059 2692 1357 2746 Comminges,
1382 2694 1554 2747 eveque
1580 2694 1635 2735 de
1660 2694 1973 2747 Maguelonne‚
1997 2694 2038 2735 16
2064 2696 2118 2736 29
2143 2695 2291 2748 juillet
2315 2695 2447 2744 1309;

435 2763 653 2805 transfere
679 2764 707 2805 a
733 2764 972 2816 Toulouse,
998 2764 1114 2805 dont
1137 2763 1168 2803 il
1195 2770 1264 2804 est
1289 2763 1330 2804 le
1355 2763 1547 2817 premier
1572 2764 1870 2819 archeveque‚
1896 2765 1937 2806 le
1962 2765 2016 2806 13
2044 2766 2288 2806 novembre
2314 2766 2445 2815 1317;

434 2835 531 2875 eree
554 2833 753 2876 cardinal
775 2835 839 2875 du
862 2834 968 2875 titre
991 2835 1046 2875 (16
1070 2833 1359 2886 Saint-Vital,
1382 2834 1422 2875 le
1445 2835 1500 2875 18
1524 2834 1758 2876 decembre
1780 2835 1914 2885 1327;
1939 2836 2111 2889 eveque
2134 2837 2189 2877 de
2215 2837 2365 2889 Porto,
2388 2850 2442 2877 en

433 2904 568 2954 1329;
599 2911 721 2945 mort
748 2903 789 2946 16
819 2905 873 2945 20
904 2904 1150 2946 novembre
1180 2905 1307 2945 1344.
1339 2904 1520 2957 Baluze,
1554 2903 1695 2958 Vitae,
1726 2905 1808 2947 col.
1841 2906 1944 2955 753;
1983 2906 2093 2947 Gall.
2126 2906 2286 2959 christ„
2317 2914 2350 2947 t.
2381 2920 2443 2959 v1,

433 2974 516 3015 col.
541 2975 646 3024 779;
672 2982 706 3015 t.
733 2989 838 3027 xm,
863 2974 944 3016 col.
970 2975 1123 3024 38-39;
1148 2973 1267 3016 Hist.
1292 2974 1342 3015 de
1365 2975 1525 3028 Lang.,
1549 2982 1583 3016 t.
1609 2989 1677 3028 nt,
1702 2990 1744 3029 p.
1771 2976 1982 3025 444-445;
2011 2977 2169 3029 EubeI,
2190 2977 2331 3029 Hier„
2355 2983 2388 3018 t.
2410 2990 2446 3027 1,

432 3059 476 3098 p.
503 3045 572 3096 15,
598 3046 698 3097 334,
724 3046 821 3087 515.

489 3116 530 3157 2.
563 3115 760 3169 Jacques
786 3114 1021 3167 Fournier3
1049 3115 1147 3157 voir
1171 3130 1215 3156 n.
1243 3116 1314 3168 24,
1338 3122 1446 3157 note
1470 3116 1510 3156 1.

488 3186 529 3226 3.
565 3185 807 3238 Raymond
840 3187 896 3227 de
928 3186 1239 3238 Mostuejouls,
1272 3186 1389 3227 abbe
1421 3187 1477 3227 de
1510 3185 1841 3240 Saint-Tibery,
1875 3187 1976 3241 puis
2009 3188 2180 3241 eveque
2213 3189 2268 3229 de
2300 3187 2447 3229 Saint-

433 3255 568 3296 Flour
593 3255 658 3309 (31
683 3255 831 3309 juillet
851 3255 1003 3309 1317);
1027 3256 1244 3298 transiere
1267 3257 1292 3296 a
1315 3255 1657 3310 Saint-Papoul,
1678 3257 1718 3297 le
1739 3257 1793 3297 16
1817 3257 1930 3297 avril
1952 3258 2083 3307 1319;
2108 3265 2155 3299 et
2190 3272 2350 3312 promu
2384 3271 2442 3298 au

432 3325 699 3379 cardinalat,
722 3326 762 3367 16
785 3326 839 3367 18
864 3327 1098 3367 decembre
1121 3326 1248 3367 1327.
1278 3325 1314 3366 ΙΙ
1337 3334 1524 3367 mourut
1546 3326 1585 3367 le
1608 3327 1662 3367 13
1687 3327 1932 3368 novembre
1955 3327 2081 3369 1335.
2114 3328 2260 3369 Gallia
2282 3327 2440 3379 christ„

432 3403 465 3437 t.
485 3411 549 3448 vl,
567 3397 648 3437 col.
669 3397 772 3446 714;
794 3404 826 3437 t.
846 3411 897 3450 11,
915 3397 996 3437 col.
1016 3397 1227 3445 422-423;
1248 3404 1281 3438 t.
1302 3411 1407 3448 xm,
1425 3397 1506 3437 col.
1527 3398 1737 3446 301-302;
1757 3397 1944 3453 Histfde
1959 3398 2118 3451 Lang.,
2137 3405 2170 3439 t.
2191 3414 2256 3450 ιχ,
2275 3413 2318 3452 p.
2338 3399 2440 3446 3683

431 3467 588 3519 Eubel,
611 3467 751 3519 Hier„
775 3475 807 3507 t.
833 3482 864 3519 1,
887 3482 929 3520 p.
954 3468 1024 3519 15,
1049 3467 1147 3519 261,
1170 3468 1267 3507 409.

488 3538 527 3576 4.
563 3536 648 3577 Sur
671 3537 731 3576 les
757 3538 920 3577 debuts
945 3538 999 3577 de
1024 3538 1222 3577 Bernard
1249 3537 1494 3590 Delicieux‚
1521 3538 1618 3579 voir
1641 3553 1683 3579 n.
1712 3540 1753 3592 2,
1777 3546 1884 3580 note
1908 3540 1948 3580 2.
1973 3540 2172 3581 Bernard
2197 3554 2242 3580 se
2265 3540 2363 3592 mit,
2387 3553 2439 3580 en

430 3607 557 3658 1317,
594 3608 619 3647 a
656 3607 698 3647 la
735 3609 828 3647 tete
878 3609 954 3648 des
1005 3607 1231 3660 spirituels
1268 3608 1324 3648 de
1361 3608 1603 3649 Narbonne
1640 3616 1686 3649 et
1721 3610 1776 3650 de
1811 3609 1984 3650 Beziers
2025 3609 2083 3663 (n.
2122 3610 2190 3662 15)
2233 3618 2279 3652 et
2314 3617 2437 3651 tenta

431 3676 485 3716 de
543 3677 731 3729 prendre
786 3677 881 3717 leur
935 3677 1114 3717 defense
1169 3677 1341 3717 devant
1395 3677 1435 3717 le
1489 3693 1620 3732 pape.
1682 3679 1717 3719 11
1771 3679 1845 3720 fut
1879 3680 1970 3733 jete
2013 3680 2334 3732 sur-le·champ
2377 3693 2429 3720 en

430 3745 580 3798 prison
610 3753 656 3786 et
684 3746 850 3787 soumis
880 3748 906 3787 a
937 3761 1023 3788 une
1053 3748 1245 3800 enquete
1275 3747 1389 3787 dont
1417 3747 1456 3787 le
1486 3762 1603 3802 pape
1633 3748 1780 3790 confla
1809 3749 1852 3789 la
1882 3749 2100 3791 direction
2129 3751 2155 3790 a
2185 3749 2439 3791 Guillaume

431 3815 622 3867 Mechin,
653 3816 824 3869 eveque
855 3818 909 3858 de
940 3817 1123 3869 Troyes,
1155 3823 1201 3858 et
1230 3817 1256 3857 a
1289 3816 1435 3858 Pierre
1466 3818 1699 3870 Letessier,
1731 3819 1846 3860 abbe
1877 3820 1932 3861 de
1963 3818 2284 3861 saint-Seruio.
2317 3819 2437 3861 Trois
