2540 4354
451 394 549 448 146
856 413 1144 448 BULLAIRE
1189 415 1262 445 DE
1297 390 1710 453 L’INQUISITION
1743 406 2062 450 FRANQAisE

448 531 526 582 lui
566 543 654 583 ont
678 532 871 583 acrites.
903 532 953 581 Il
977 532 1088 582 leur
1112 530 1341 580 ordonne
1365 530 1425 579 de
1450 527 1698 578 conduire
1723 539 1842 577 cette
1866 525 2053 592 affaire
2078 529 2110 575 ὰ
2140 526 2238 575 bon
2276 536 2443 587 terme,

452 634 557 666 non
583 634 710 666 sans
737 616 995 666 s’assurer
1021 615 1093 664 du
1121 632 1368 664 concours
1396 614 1456 663 de
1484 611 1859 678 l’inquisiteur,
1903 610 1952 661 si
1995 609 2203 660 celui-ci
2246 620 2359 660 veut
2398 609 2442 660 le

449 699 561 750 leur
576 705 757 766 preter.
791 728 861 735 —
890 699 1162 764 Avignon,
1196 697 1262 747 28
1294 698 1490 747 fevrier
1524 696 1673 747 1330.

793 830 900 885 Reg.
940 831 1054 882 ναι,
1075 839 1108 873 t.
1131 845 1238 885 cxv,
1258 831 1334 873 τοι.
1355 831 1454 883 319,
1475 830 1673 880 n.1638;
1697 830 1856 883 Eubel,
1874 830 2062 879 Bastar„
2081 843 2124 870 n.
2146 829 2229 870 842
2254 827 2319 882 (in
2336 827 2449 882 exa).
2523 809 2526 812 ⁴

526 951 795 1018 Episcopo
825 963 923 1002 et..
981 952 1197 1002 officiali
1228 952 1484 1002 Parisien.
1515 980 1585 986 -—
1627 951 1865 1002 Litteras
1908 961 2118 1001 vestras
2163 949 2452 1000 novissime

452 1036 753 1102 recepimus
801 1037 1050 1086 cedulam
1095 1036 1236 1086 illius
1285 1036 1519 1086 Conradi
1564 1035 1973 1101 presumptuosi
2018 1034 2242 1084 heretici
2287 1035 2454 1084 eonti-

453 1131 693 1183 nentem,
724 1139 791 1170 ex
821 1139 1054 1186 quarum
1084 1121 1216 1170 serie
1245 1121 1422 1170 zelum
1450 1120 1728 1170 intensum
1759 1138 1922 1186 quem
1951 1120 2020 1170 ad
2064 1118 2455 1169 exaltationem

454 1204 582 1254 fidei
620 1205 967 1271 Ecclesieque
1005 1215 1194 1256 sancte
1234 1204 1333 1255 Dei
1369 1223 1431 1255 ac
1468 1215 1719 1255 nostrum
1758 1205 2019 1254 honorem
2057 1202 2238 1268 geritis
2277 1221 2451 1268 perce-

402 1328 407 1333 .
454 1289 636 1355 pimus
671 1289 978 1355 evidenter-3
1016 1308 1178 1356 super
1213 1308 1319 1355 quo
1340 1300 1583 1340 vestram
1603 1289 1943 1354 diligentiam
1962 1288 2259 1354 plurimum
2278 1287 2333 1337 in
2354 1287 2455 1337 Do-

457 1373 604 1423 mino
647 1375 1114 1437 commendantes,
1157 1385 1220 1424 ut
1261 1374 1354 1424 ubi
1395 1374 1626 1440 deliquit
1666 1373 1740 1423 sic
1782 1370 1996 1439 publice
2039 1373 2220 1439 puniri
2260 1373 2455 1422 debeat

455 1458 835 1524 expedientius
879 1459 1230 1522 extimantes,
1276 1469 1339 1509 ut
1382 1477 1544 1525 super
1586 1457 1879 1525 propositis
1924 1476 2018 1523 per
2061 1475 2186 1507 eum
2229 1467 2283 1507 et
2326 1457 2457 1519 aliis,

451 1543 495 1592 si
525 1561 631 1608 qua
662 1543 1024 1609 proposuerit,
1053 1541 1097 1593 si
1126 1543 1181 1594 in
1209 1543 1338 1609 ipsis
1369 1543 1627 1610 persistat
1671 1542 2040 1608 pertinaciter,
2072 1561 2196 1592 curn
2228 1541 2337 1592 sint
2368 1542 2456 1591 do·

455 1627 624 1676 ctrine
654 1629 964 1693 evangelice
997 1647 1059 1678 ac
1090 1628 1388 1694 apostolice
1419 1638 1474 1677 et
1505 1638 1691 1678 sancte
1721 1645 1946 1677 romane
1979 1626 2215 1676 Ecclesie
2246 1625 2460 1676 eviden-

455 1722 537 1760 ter
569 1711 750 1774 obvia,
784 1712 999 1763 faciatis
1032 1730 1129 1763 vos
1162 1714 1248 1763 vel
1280 1714 1418 1763 alter
1450 1722 1696 1762 vestrum
1730 1730 1853 1760 cum
1885 1709 2206 1776 inquisitore
2238 1727 2330 1760 seu
2351 1710 2460 1760 eius

455 1796 882 1859 locumtenente,
927 1798 970 1847 si
1011 1798 1199 1847 adesse
1222 1797 1477 1858 voluerit,
1518 1797 1703 1846 taliter
1735 1796 1963 1855 iusticie,
2001 1796 2461 1861 complementum

458 1881 604 1946 quod
641 1880 801 1931 cedat
838 1881 1028 1931 ceteris
1064 1882 1119 1931 in
1155 1882 1484 1947 exemplum.
1527 1881 1698 1946 Super
1747 1880 2020 1947 premissis
2070 1879 2146 1929 nil
2181 1878 2462 1929 scribimus

459 1964 625 2027 aliud,
667 1965 897 2016 scientes
937 1977 1179 2016 vestram
1219 1967 1441 2016 doctam
1481 1965 1766 2016 scientiam
1805 1976 1860 2014 et
1899 1965 2267 2030 approbatam
2306 1981 2461 2029 expe-

460 2048 714 2099 rientiam
738 2050 806 2100 ad
831 2051 929 2100 hec
952 2050 1195 2100 sufficere
1218 2061 1273 2100 et
1297 2050 1530 2113 maiora3
1574 2050 1773 2100 scimus
1797 2050 1965 2099 etiam
1991 2049 2136 2115 quod
2175 2049 2243 2099 ad
2281 2047 2462 2098 omnia

459 2143 514 2182 et
542 2133 753 2199 singula
782 2153 877 2200 per
903 2135 1084 2200 ipsum
1114 2135 1396 2201 proposita
1426 2134 1481 2184 in
1523 2135 1703 2184 libello
1748 2151 1912 2200 quem
1953 2151 2128 2199 nuper
2169 2132 2326 2183 vobis
2370 2132 2462 2181 mi-

459 2218 626 2268 simus
664 2229 747 2268 est
784 2219 1113 2270 sufficienter
1150 2239 1212 2271 ac
1249 2220 1531 2270 evidenter
1567 2237 1906 2285 responsum.
1961 2246 2030 2254 —-
2082 2218 2288 2268 Datum
2341 2216 2464 2266 Avi-

460 2300 626 2365 nioni,
666 2323 706 2353 11
744 2304 1004 2355 kalendas
1044 2305 1247 2367 marcii,
1286 2323 1429 2355 anno
1468 2304 1899 2370 quartodecimo.

515 2465 554 2506 1.
578 2463 763 2519 Hugues
787 2465 947 2507 Michel
968 2467 1022 2508 de
1042 2466 1291 2519 Besancon,
1312 2467 1384 2508 elu
1404 2467 1444 2507 le
1465 2466 1519 2507 14
1539 2465 1718 2520 janvier
1737 2466 1870 2514 1326;
1893 2473 2014 2506 mort
2033 2465 2071 2506 le
2092 2465 2145 2505 29
2164 2464 2311 2518 juillet
2341 2463 2463 2505 1332.

463 2536 573 2577 Gall.
596 2535 756 2589 christ„
778 2546 811 2578 t.
834 2550 917 2590 vn,
939 2538 1020 2579 col.
1043 2537 1253 2588 127-1293
1277 2536 1431 2590 Gams,
1449 2551 1520 2591 op.
1543 2537 1630 2590 cit„
1651 2551 1694 2591 p.
1718 2537 1822 2585 596;
1847 2536 2005 2588 Euhel,
2025 2535 2167 2587 Hier„
2189 2549 2232 2588 p.
2255 2534 2352 2576 410.

516 2607 555 2647 2.
591 2605 766 2648 Conrad
799 2607 913 2649 etait
945 2622 1006 2648 un
1038 2607 1256 2650 fraticelle
1286 2608 1511 2649 allemand
1545 2609 1713 2661 oppose
1740 2607 1766 2647 ἐι
1784 2607 1901 2648 Jean
1921 2606 2079 2657 XXII,
2100 2614 2254 2646 contre
2273 2603 2416 2659 lequel
2435 2603 2464 2644 il

455 2676 697 2731 repandait
716 2685 867 2719 toutes
888 2686 1030 2719 sortes
1052 2679 1107 2720 de
1128 2678 1368 2720 calomnies
1388 2679 1550 2720 melees
1571 2679 1597 2718 a
1617 2679 1693 2720 des
1715 2691 1885 2718 erreurs
1907 2675 2221 2731 dogmatiques
2246 2675 2305 2729 (n.
2343 2673 2460 2727 105).

460 2746 739 2789 L’officialite
767 2749 822 2789 de
850 2747 973 2789 Paris
1001 2748 1040 2789 le
1066 2749 1161 2802 jeta
1189 2763 1243 2790 cn
1270 2748 1423 2802 prison
1450 2756 1496 2790 et
1522 2762 1782 2799 commenca
1809 2748 1835 2787 a
1861 2746 2072 2788 instruire
2092 2761 2173 2787 son
2199 2748 2369 2800 proces,
2388 2741 2463 2798 qui

458 2831 505 2859 se
529 2817 787 2871 poursuivit
810 2833 921 2860 avec
943 2819 984 2860 18
1008 2833 1223 2861 concours
1243 2820 1298 2861 de
1315 2818 1618 2874 l’inquisiteur
1632 2818 1808 2860 Aubert
1825 2819 1879 2859 de
1901 2817 2093 2858 Chalons
2117 2816 2175 2870 (n.
2196 2817 2265 2869 89,
2286 2822 2388 2857 note
2406 2813 2465 2867 2).

459 2889 673 2930 L'accuse
705 2890 922 2942 presenta
956 2904 1044 2931 une
1075 2889 1256 2932 defense
1288 2889 1424 2932 ecrite
1456 2889 1534 2944 qui
1565 2889 1639 2931 fut
1670 2887 2016 2942 communiquee
2047 2902 2106 2928 au
2126 2901 2244 2941 pape
2265 2900 2374 2928 avec
2404 2885 2464 2926 les

460 2965 614 2999 autres
635 2966 758 2999 actes
780 2959 842 3000 du
866 2962 1036 3013 proces.
1059 2959 1142 3001 Les
1162 2959 1412 3001 cardinaux
1433 2958 1463 2999 J
1466 2973 1630 3014 aeques
1654 2956 1870 3000 Fournier
1892 2965 1938 2999 et
1960 2956 2107 2998 Pierre
2128 2958 2184 2998 de
2203 2956 2465 2998 Mortemart

460 3027 772 3069 examinet-ent
795 3043 844 3070 ce
867 3028 1038 3072 dossier
1061 3037 1106 3072 et
1129 3029 1425 3071 foi-mulerent
1448 3030 1544 3071 leur
1567 3028 1766 3083 opinion.
1793 3027 1854 3069 Le
1878 3029 1933 3069 30
1956 3027 2056 3080 juin
2075 3027 2203 3080 1330,
2223 3041 2278 3068 en
2296 3019 2466 3068 retour-

461 3106 575 3140 nant
597 3099 623 3138 a
643 3099 847 3153 l'eveque
868 3107 914 3141 et
931 3100 958 3140 a
976 3099 1281 3154 l'inquisiteur
1298 3101 1360 3141 les
1381 3102 1648 3142 documents
1671 3100 1861 3140 annotes
1881 3112 1964 3152 par
1981 3098 2043 3140 les
2063 3099 2183 3139 deux
2204 3095 2462 3145 cardinaux,

459 3169 502 3209 18
518 3183 637 3222 pape
653 3169 749 3210 leur
763 3169 1006 3211 ordonnait
1021 3171 1076 3211 de
1092 3170 1330 3212 continuet
1343 3170 1384 3211 18
1399 3173 1554 3224 proces
1575 3168 1635 3223 (n.
1653 3169 1770 3222 100).
1790 3167 1971 3211 Geraud
1988 3169 2044 3210 de
2060 3167 2265 3222 Capmul,
2282 3166 2465 3208 chantrc

461 3239 518 3279 de
551 3238 690 3291 Paris,
722 3239 879 3280 devait
909 3239 1114 3282 stimuler
1143 3240 1240 3280 leur
1269 3241 1361 3280 zele
1395 3240 1453 3293 (n.
1487 3239 1604 3292 101).
1639 3238 1750 3280 Mais
1782 3239 1821 3279 le
1852 3238 2070 3279 fraticelle
2098 3237 2323 3279 allemand
2342 3233 2465 3278 avait

462 3308 602 3349 reussi
625 3309 650 3348 a
673 3316 830 3362 capter
851 3310 911 3350 les
935 3310 1105 3350 bonnes
1129 3311 1279 3363 graces
1302 3311 1358 3351 de
1380 3310 1422 3350 la
1444 3309 1565 3350 reine
1587 3309 1774 3350 Jeanne.
1803 3309 1838 3349 Il
1862 3309 1940 3350 eut
1960 3307 2118 3349 merite
2140 3307 2182 3348 la
2202 3305 2353 3361 prison
2372 3318 2448 3359 per

461 3379 674 3431 petuelle;
703 3394 786 3432 par
811 3381 944 3433 egard
972 3394 1087 3433 pour
1111 3381 1153 3422 la
1179 3379 1314 3432 reine,
1339 3380 1380 3421 le
1405 3394 1522 3434 pape
1548 3379 1788 3431 consentit,
1815 3380 1854 3420 18
1879 3379 1932 3419 23
1960 3378 2219 3430 novembre,
2245 3378 2271 3417 a
2290 3391 2337 3418 sa
2357 3374 2461 3416 mise

461 3461 515 3488 en
538 3448 694 3490 liberte
718 3450 743 3489 a
767 3450 999 3491 condition
1021 3451 1131 3504 qu’il
1154 3451 1329 3492 donnat
1351 3452 1428 3492 des
1451 3450 1596 3503 signes
1619 3450 1847 3491 suffisants
1867 3450 1922 3490 de
1942 3448 2140 3503 repentir
2162 3447 2220 3501 (n.
2243 3444 2460 3498 104-105).
