2540 4354
428 383 531 436 284
814 399 1104 431 BULLAmE
1148 400 1223 431 DE
1265 381 1683 442 L’1NQuls1rioN
1728 402 2051 447 ΡΒΑΝςΛιεΕ

428 518 486 557 de
511 515 750 556 Toulouse.
776 513 934 567 Ayant
959 514 1305 568 probablement
1331 516 1528 569 eprouve
1555 516 1770 570 quelques
1797 517 2036 559 difficultes
2062 519 2088 559 a
2115 519 2293 560 obtenir
2318 521 2372 562 de
2392 534 2447 563 ce·

427 585 676 641 provincial
706 585 850 626 d’etre
879 583 1110 626 lui-meme
1140 599 1302 639 promu
1332 586 1357 626 a
1389 594 1508 627 cette
1540 587 1714 640 charge,
1735 588 1886 630 tandis
1918 589 2028 642 qu'il
2059 589 2172 630 etait
2193 590 2442 643 provincial

426 659 482 699 de
502 657 740 708 Toulouse,
760 654 790 694 il
811 668 856 695 se
880 655 932 695 fit
952 655 1142 696 d’abord
1163 656 1370 709 delegucr
1389 671 1471 710 par
1491 657 1529 697 le
1550 672 1682 711 pape,
1703 658 1802 712 puis
1824 658 1853 698 il
1875 659 1926 700 fit
1938 659 2130 713 prc'ciser
2141 661 2276 713 quele
2286 661 2444 705 brevet

426 726 745 781 d’inquisiteur
772 727 828 766 de
855 725 1078 766 Toulouse
1106 726 1311 779 pourrait
1338 742 1441 768 sans
1469 727 1789 770 inconvenient
1817 730 1909 770 etre
1938 731 2085 771 donne
2114 746 2171 771 au
2193 731 2441 785 provincial

424 797 627 838 residant
651 797 764 837 dans
790 803 909 837 cette
933 797 1079 837 meme
1105 796 1207 837 ville
1237 795 1295 849 (n.
1323 797 1546 851 184-185).
1574 799 1634 840 Le
1661 801 1805 840 meme
1829 800 1931 852 jour
1959 799 1998 852 (7
2024 801 2278 854 septembre
2298 802 2443 855 1342),

420 868 454 913 il
476 866 683 909 obtenait
701 867 743 907 la
763 866 1048 908 nomination
1068 867 1122 907 de
1143 868 1262 908 deux
1283 868 1478 910 notaires
1499 883 1614 922 pour
1634 884 1714 910 son
1739 870 1934 911 tribunal
1958 869 2016 922 (n.
2039 871 2156 922 184).
2183 872 2217 911 ΙΙ
2239 886 2293 912 ne
2324 880 2444 914 resta

427 953 483 979 en
500 938 661 990 charge
679 950 766 990 que
782 936 927 978 moins
945 938 1000 978 de
1018 938 1136 978 deux
1155 952 1249 978 ans.
1272 938 1340 978 En
1358 939 1486 990 1344,
1504 939 1620 980 Jean
1640 939 1885 980 Dumoulin
1903 940 1964 980 lui
1982 942 2185 982 succeda.
2210 942 2243 981 11
2262 951 2444 984 mourut

424 1010 449 1049 a
476 1007 808 1059 Saint-Girons,
831 1021 886 1048 en
909 1007 1038 1059 1347,
1062 1015 1108 1048 et
1130 1008 1202 1048 sut
1225 1009 1419 1050 enseveli
1443 1010 1467 1049 a
1493 1010 1712 1062 Limoges.
1739 1010 1879 1052 Outre
1903 1011 2128 1053 le-recueil
2150 1013 2227 1053 des
2256 1012 2357 1066 Vies
2373 1013 2444 1054 des

426 1079 568 1120 saints
589 1079 846 1132 composees
867 1092 950 1132 par
968 1093 1049 1119 son
1069 1079 1209 1130 oncle,
1232 1079 1421 1133 compile
1442 1095 1524 1134 par
1543 1080 1622 1135 lui,
1641 1089 1687 1123 et
1706 1082 1767 1122 les
1793 1081 1894 1122 Vies
1910 1082 1982 1122 des
1998 1082 2296 1126 dominicains
2316 1081 2440 1126 illus-

425 1156 524 1202 tres,
548 1163 744 1202 ouvrage
767 1150 884 1190 reste
907 1148 1140 1200 inacheve,
1164 1164 1222 1190 on
1245 1149 1307 1190 lui
1330 1150 1428 1191 doit
1451 1165 1512 1191 un
1534 1151 1732 1205 Rapport
1754 1165 1830 1192 sur
1852 1152 1896 1192 la
1917 1151 2042 1193 visite
2062 1153 2122 1193 du
2145 1154 2379 1194 monaster-e
2395 1153 2445 1194 de

423 1219 632 1271 Prouille,
654 1218 765 1260 faite
785 1233 868 1273 par
887 1218 950 1260 lui
971 1218 1010 1261 le
1031 1220 1084 1260 25
1108 1219 1291 1261 octobre
1313 1220 1438 1262 1340.
1463 1221 1620 1275 Quetif
1639 1229 1685 1264 et
1708 1212 1901 1274 Echard,
1922 1237 1992 1277 op.
2015 1221 2103 1275 cit„
2125 1237 2166 1278 p.
2193 1223 2292 1264 625.

1273 1612 1602 1672 -184-

503 1775 829 1842 Suppliques
868 1777 927 1826 de
966 1776 1325 1843 l’inqaisiteur
1363 1778 1422 1828 de
1466 1779 1741 1840 Toulouse‚
1787 1777 1969 1829 Pierre
2017 1778 2139 1840 Gai,
2180 1778 2392 1828 tendant
2429 1795 2444 1827 .·

426 1862 485 1911 10
519 1864 551 1911 ὰ
586 1860 722 1926 faire
756 1861 1036 1926 confirmer
1069 1881 1169 1928 par
1206 1863 1438 1913 Cle'ment
1481 1864 1559 1913 VI
1595 1863 1638 1913 le
1672 1863 1927 1929 privilege
1962 1863 2021 1913 de
2058 1882 2288 1914 nommer
2322 1863 2440 1914 l’in-

421 1945 686 2012 quisiteur
724 1946 784 1996 de
827 1946 1086 1997 Toulouse
1125 1946 1334 1998 accorde'
1372 1965 1471 2013 par
1512 1948 1651 1998 Jean
1689 1947 1873 1998 XXII
1912 1966 1983 1998 aa
2021 1947 2318 2013 provincial
2353 1947 2438 1998 des

426 2030 788 2082 dominicains
817 2032 877 2082 de
907 2032 1111 2082 France
1142 2032 1226 2098 (cs.
1260 2052 1310 2083 n.
1343 2031 1550 2102 61);'120
1578 2036 1611 2083 ἀ
1639 2032 1841 2083 obtenir
1869 2033 1922 2083 la
1949 2031 2178 2082 ονὲαιίοη
2205 2033 2264 2083 de
2306 2033 2440 2084 deux

425 2116 658 2167 notaires
705 2135 841 2182 pour
887 2116 1275 2183 l’Inquisition.
1326 2147 1395 2153 —
1443 2118 1705 2168 Ratifiees
1767 2120 1797 2168 a
1861 2117 2453 2169 Villeneuve-les·Avi·'?

426 2220 590 2268 gnon,
627 2202 655 2252 7
690 2202 1001 2267 septembre
1038 2201 1189 2252 1342.
2453 2203 2456 2206 ’

778 2335 1040 2389 8ιιρρὶἰεαι.,
1070 2343 1101 2377 t.
1133 2352 1164 2388 1,
1194 2336 1268 2377 fol.
1298 2337 1381 2378 180
1412 2342 1477 2378 v0.

501 2460 787 2526 Supplicat
829 2459 878 2509 S.
924 2460 984 2509 V.
1029 2459 1262 2509 devotus
1307 2458 1448 2509 filius
1490 2469 1670 2509 vester
1711 2458 1879 2510 frater
1923 2461 2114 2509 Petrus
2157 2459 2437 2520 Guidonis,

422 2544 718 2610 inquisitor
771 2544 1131 2607 Tholosanus⁷
1185 2543 1446 2609 quatinus
1499 2545 1568 2594 ad
1620 2544 1794 2594 instar
1842 2543 2009 2594 felicis
2046 2543 2436 2595 recordationis

427 2628 636 2680 domini
678 2628 947 2678 Johannis
990 2646 1131 2694 pape
1176 2628 1348 2678 XXII
1388 2627 1408 2658 ¹
1450 2627 1752 2694 dignemini
1792 2628 2140 2695 precipiendo
2184 2629 2439 2680 mandare

425 2713 593 2780 priori
640 2713 968 2780 provinciali
1013 2712 1217 2763 ordinis
1264 2713 1673 2780 predicatorum
1721 2713 1776 2763 in
1829 2713 2057 2764 Francia
2090 2712 2128 2775 ²,
2163 2712 2256 2779 qui
2299 2731 2439 2781 nunc

426 2809 511 2848 est
555 2799 642 2848 vel
684 2797 788 2848 erit
834 2815 930 2864 pro
977 2808 1243 2863 tempore,
1290 2797 1377 2848 cui
1434 2816 1502 2848 ex
1558 2797 1776 2848 indulto
1827 2797 2128 2864 apostolico
2173 2797 2439 2848 incumbit

429 2901 524 2933 sex
549 2882 744 2934 fratres
769 2883 1015 2934 eiusdem
1042 2883 1246 2933 ordinis
1272 2883 1622 2948 inquisitores
1649 2883 1704 2933 in
1729 2901 1893 2948 regno
1915 2881 2140 2933 Francie
2157 2882 2437 2948 deputare,

429 2967 690 3033 quatinus
737 2968 802 3018 de
849 2978 1048 3030 cetero,
1096 2967 1354 3033 quociens
1400 2967 1703 3034 expedierit
1730 2967 2111 3033 inquisitorem
2145 2984 2341 3033 ponere
2385 2966 2436 3016 in

427 3051 680 3114 Tholosa,
733 3051 974 3117 aliquem
1027 3052 1091 3102 de
1145 3051 1407 3102 fratribus
1460 3051 1758 3102 nominatis
1803 3069 1897 3118 per
1937 3051 2172 3117 priorem
2223 3050 2435 3117 provin-

425 3136 618 3187 cialem
650 3136 895 3188 eiusdem
929 3136 1132 3186 ordinis
1165 3137 1538 3187 Tholosanum
1573 3137 1666 3202 qui
1698 3137 1800 3186 erit
1834 3155 1929 3202 pro
1963 3147 2229 3201 tempore,
2284 3136 2434 3187 iuxta

430 3233 676 3272 tenorem
711 3221 913 3272 indulti
950 3222 1241 3273 memorati
1276 3221 1485 3272 domini
1521 3223 1809 3287 Johannis,
1845 3231 2101 3272 teneatur
2126 3221 2181 3271 in
2207 3220 2436 3271 Tholosa

429 3316 599 3373 atque
648 3324 814 3372 regno
868 3307 1096 3357 Francie
1145 3306 1530 3372 inquisitorem
1582 3307 1875 3372 deputare3
1928 3316 1983 3355 et
2017 3306 2162 3371 quod
2203 3304 2438 3359 addatur

422 3391 478 3442 in
512 3391 779 3457 rescripto
816 3410 911 3458 per
947 3391 1319 3442 Sanctitatem
1356 3390 1977 3462 Vestramjreformando
1997 3409 2059 3440 ac
2089 3389 2436 3441 innovando:

424 3493 518 3545 seu
551 3477 617 3543 de
649 3494 880 3542 persona
911 3475 1081 3542 ipsius
1114 3476 1308 3543 prioris
1341 3475 1692 3542 provincialis
1725 3460 2021 3526 Tholosani
2053 3475 2088 3536 3,
2122 3474 2166 3524 si
2197 3473 2297 3524 tibi
2329 3490 2440 3522 ma-

425 3559 502 3625 gis
533 3561 680 3613 utilis
710 3579 773 3611 ac
802 3561 1050 3627 ydoneus
1079 3579 1175 3627 pro
1207 3561 1382 3612 officio
1416 3561 1542 3611 fidei
1571 3561 1841 3612 videatur.
2310 3630 2313 3632 .

464 3643 754 3703 ,Addatur
798 3645 854 3696 in
900 3644 1116 3698 indulto
1165 3646 1469 3713 apostolico
1519 3646 1665 3712 quod
1712 3645 1882 3698 etiam
1930 3642 2277 3711 provincialis
2326 3641 2457 3707 ipse-

425 3728 767 3781 Tholosanus
810 3730 984 3796 possit
1027 3730 1234 3781 assumi
1276 3750 1289 3780 ε
1334 3730 1474 3781 Fiat.
1524 3731 1600 3791 R.

469 3820 564 3846 --’-
611 3813 748 3863 Item
790 3814 1066 3881 supplicat
1109 3814 1160 3866 S.
1206 3815 1269 3866 V.
1313 3813 1575 3881 quatinus
1618 3823 1742 3864 cum
1785 3813 2024 3865 officium
2069 3807 2435 3878 Inquisit'ionis
