2540 4354
417 300 518 353 518
774 305 1092 348 ‘BULLAIRE
1129 315 1202 346 DE
1239 297 1654 358 L'INQUISITION
1692 319 2008 361 FRANQAISE

414 452 652 486 errorem
695 434 899 484 debeat
941 432 1262 483 solemniter
1304 433 1555 485 abiurare
1602 454 1727 485 cum
1770 434 1959 485 debita
1993 433 2324 484 solennitate
2367 441 2421 480 et

416 518 669 570 clausulis
719 515 1007 567 universis.
1059 516 1428 568 Attendentes
1477 517 1701 584 insuper
1731 518 2082 582 divulgatam
2111 515 2417 575 infamiam,

414 618 582 667 grave
615 601 944 652 scandalum
979 611 1037 650 et
1071 600 1462 652 vehementem
1497 601 1869 668 suspicionem
1904 618 1972 651 ex
2006 600 2238 651 testium
2257 597 2416 649 dictis

413 691 686 747 obortam,
735 704 840 751 que
887 695 1078 735 contra
1125 684 1335 735 dictam
1385 683 1399 748 [
1620 688 1635 754 ]
1681 687 1860 737 facere
1891 686 2246 744 videbantur,
2295 701 2418 733 cum

411 782 638 836 propter
677 788 868 820 eorum
911 767 1199 833 quodlibet
1238 780 1383 819 esset
1400 769 1449 818 ei
1467 769 1722 836 purgatio
1757 769 2022 822 canonica
2043 767 2335 819 indicenda
2365 777 2420 816 et

416 865 701 906 servantes
733 864 789 903 et
807 852 1116 904 mollientes
1134 853 1369 918 rigorem
1387 855 1456 905 ad
1478 855 1885 906 ostendendum
1905 852 2017 904 eius
2048 851 2424 904 innocentiam

405 952 460 990 et
528 940 597 991 ad
660 937 991 1004 sopiendum
1052 937 1377 987 scandalum
1441 948 1610 1004 atque
1669 939 2069 989 removendam
2111 935 2417 997 infamiam,

407 1022 797 1090 purgationem
837 1020 1161 1071 canonicam
1199 1020 1435 1086 septime
1475 1037 1668 1072 manus
1712 1023 1955 1072 fiendam
1986 1020 2203 1087 publice
2236 1037 2419 1069 coram

405 1107 563 1158 nobis
599 1117 657 1156 et
696 1104 823 1155 cleri
859 1123 923 1156 ac
961 1104 1153 1170 populi
1189 1105 1427 1156 notabili
1466 1106 1827 1157 multitudine
1863 1106 1932 1156 ad
1971 1106 2074 1154 hoc
2112 1103 2419 1170 specialiter

404 1201 732 1252 convocata,
763 1189 944 1240 eidem
978 1188 994 1252 [
1215 1192 1230 1257 ]
1261 1190 1520 1241 duximus
1540 1190 1922 1251 indicendam3
1952 1189 2031 1242 ita
2061 1199 2252 1239 tamen
2271 1188 2416 1253 quod

403 1275 497 1340 qui
527 1277 595 1326 ad
626 1274 742 1324 eius
774 1273 1162 1339 purgationem
1195 1274 1518 1327 canonicam
1550 1274 1915 1339 processerint
1947 1274 2057 1324 sint
2091 1274 2198 1323 fide
2230 1273 2415 1322 catho-

398 1359 488 1409 lici
515 1370 572 1408 et
601 1358 718 1408 vita
749 1357 998 1423 probati;
1030 1357 1124 1422 qui
1154 1358 1630 1408 conversationem
1659 1370 1714 1408 et
1744 1358 1922 1409 vitam
1951 1358 2119 1424 ipsius
2162 1375 2273 1407 non
2301 1366 2418 1406 tam

401 1445 663 1494 moderno
702 1452 954 1507 tempore
993 1442 1250 1492 noverint
1293 1460 1461 1506 quam
1500 1454 1804 1504 transacto,
1847 1454 1909 1492 ut
1948 1441 2154 1493 ibidem
2195 1458 2289 1505 per
2306 1457 2418 1490 eos-

399 1527 524 1577 dem
572 1537 838 1592 purgetur
885 1525 980 1575 ubi
1024 1536 1081 1574 et
1127 1525 1271 1576 inter
1319 1544 1454 1591 quos
1501 1526 1774 1576 infamata
1822 1543 1936 1576 esse
1968 1525 2419 1590 dignoscebatur3

402 1610 476 1659 sic
507 1609 764 1675 deinceps
798 1609 976 1663 vitam
1007 1627 1167 1663 suam
1201 1609 1354 1660 bonis
1377 1620 1535 1659 ornet
1554 1610 1808 1675 operibus
1839 1621 1903 1659 ut
1934 1608 2164 1661 infamia
2198 1625 2418 1658 conver-

399 1705 554 1744 tatur
597 1693 653 1744 in
700 1693 910 1748 famam
955 1703 1012 1741 et
1059 1711 1221 1743 omne
1266 1695 1592 1747 scandalum
1637 1705 1693 1743 et
1739 1693 1976 1760 suspicio
2023 1694 2088 1743 de
2118 1690 2417 1743 ‘catholicis

401 1778 675 1828 mentibus
720 1778 987 1829 deleatur.
1037 1778 1107 1826 Et
1153 1776 1195 1826 si
1236 1777 1485 1842 predicta
1533 1777 1548 1842 [
1769 1781 1784 1846 ]
1826 1776 2069 1842 legitime
2111 1795 2166 1827 se
2222 1794 2414 1842 purga-

397 1861 538 1911 verit
567 1863 825 1912 nolumus
854 1880 977 1911 eam
1007 1879 1103 1926 pro
1134 1861 1393 1927 predictis
1426 1862 1816 1928 aliquathenus
1847 1861 2074 1912 ulterius
2106 1879 2200 1927 per
2230 1878 2415 1926 quem·

396 1946 546 2012 piam
571 1945 816 1997 indebite
846 1946 1154 2007 molestari3
1180 1958 1237 1996 et
1265 1946 1309 2004 si
1334 1946 1520 1997 forsan
1546 1946 1602 1996 in
1629 1965 1726 1996 sua
1768 1945 2095 2013 purgatione
2137 1943 2414 2006 defecerit,

398 2030 704 2080 munitione
748 2030 822 2095 (P)
863 2030 1230 2081 ecclesiastice
1271 2031 1557 2098 discipline
1597 2050 1721 2081 eam
1760 2029 2102 2082 decernimus
2158 2027 2415 2079 canonice

396 2114 810 2181 condempnari.
866 2114 1212 2180 Quequidem
1284 2113 1299 2178 [
1604 2118 1618 2183 ]
1687 2114 2060 2165 incontinenti
2127 2112 2294 2178 gratis
2360 2122 2416 2162 et

394 2210 593 2266 sponte
631 2216 693 2248 ac
728 2198 1023 2248 efficaciter
1060 2199 1425 2251 sacrosanctis
1467 2199 1818 2264 Euvangeliis
1858 2198 2214 2264 corporaliter
2252 2214 2416 2246 manu

394 2283 560 2334 tactis
603 2282 857 2347 promisit
895 2294 952 2332 et
991 2300 1156 2349 penes
1198 2300 1296 2334 nos
1337 2294 1393 2332 et
1433 2295 1687 2334 nostrum
1729 2283 1969 2333 officium
2010 2281 2278 2347 obligavit
2316 2281 2416 2331 sub

395 2366 548 2433 penis
585 2366 843 2432 predictis
883 2369 1028 2433 quod
1063 2367 1119 2418 in
1155 2368 1391 2421 veritate
1427 2379 1777 2419 sacrosancte
1816 2367 1944 2418 fidei
1979 2366 2263 2426 catholice,
2301 2363 2416 2415 uni·

392 2461 512 2502 tate
553 2462 743 2502 sancte
785 2451 975 2501 matris
1022 2451 1278 2513 Ecclesie,
1321 2451 1660 2503 subiectione
1702 2463 1891 2503 sancte
1926 2452 2075 2502 Sedis
2119 2448 2414 2515 apostolice

393 2547 449 2586 et
481 2534 865 2585 communione
898 2535 1108 2586 domini
1136 2535 1312 2586 nostri
1341 2554 1482 2601 pape
1510 2535 1725 2586 romani
1769 2535 2064 2599 pontificiS,
2108 2553 2162 2585 se
2206 2548 2415 2598 semper

394 2619 508 2669 sine
554 2619 723 2669 dubio
769 2618 825 2668 in
868 2631 1123 2669 eternum
1167 2638 1553 2684 permansura3
1600 2631 1655 2670 et
1700 2630 2099 2685 consequenter
2156 2616 2414 2668 continuo

395 2702 601 2754 ibidem
643 2703 969 2768 generaliter
1010 2722 1231 2754 omnem
1272 2705 1505 2755 heresim
1545 2716 1601 2755 et
1641 2722 1879 2755 errorem
1919 2715 1975 2753 et
2015 2702 2323 2768 specialiter
2362 2709 2416 2750 et

396 2787 658 2838 distincte
713 2788 949 2837 heresim
1002 2787 1221 2840 funeste
1275 2800 1424 2839 secte
1478 2789 1838 2842 Valdensium
1883 2798 1939 2838 et
1981 2787 2416 2840 familiaritatem

398 2870 767 2921 hereticorum
809 2872 1108 2922 solenniter
1148 2872 1447 2923 abiuravit.
1497 2873 1638 2923 Item
1680 2873 1851 2923 etiam
1893 2872 2062 2938 gratis
2115 2882 2171 2921 et
2223 2879 2416 2937 sponte

399 2957 500 3005 sub
531 2954 683 3020 penis
715 2954 986 3005 similibus
1018 2966 1073 3005 et
1103 2957 1206 3006 sub
1237 2974 1380 3023 pena
1413 2956 1825 3008 confiscationis
1857 2956 2104 3006 omnium
2149 2956 2414 3004 bonorum

398 3056 716 3088 suorum-se
757 3057 941 3088 coram
979 3039 1136 3090 nobis
1176 3040 1469 3090 efficaciter
1508 3040 1776 3106 obligavit
1815 3040 1963 3104 quod
2002 3050 2267 3105 perpetuo
2305 3047 2412 3088 sta-

399 3123 482 3172 bit
518 3139 610 3187 per
657 3122 839 3172 omnia
896 3123 1173 3173 mandatis
1214 3135 1402 3175 sancte
1444 3124 1635 3174 matris
1684 3123 1920 3174 Ecclesie
1973 3134 2029 3173 et
2086 3121 2259 3173 nostri
2303 3118 2414 3179 offi-

402 3207 468 3257 cii
511 3218 680 3273 atque
716 3207 946 3270 nostris3
981 3220 1037 3258 et
1074 3211 1221 3274 quod
1259 3212 1401 3260 bona
1442 3211 1548 3261 fide
1583 3221 1945 3276 persequetur
1982 3193 2264 3270 hereficos,
2305 3224 2411 3257 cre·

401 3293 612 3353 dentes,
654 3293 917 3354 fautores,
957 3303 1330 3357 receptatores
1369 3305 1425 3344 et
1476 3294 1788 3345 defensores
1842 3296 2142 3345 eorundem
2193 3292 2411 3358 quibus·

403 3392 636 3441 cumque
692 3375 1008 3425 nominibus
1069 3388 1413 3438 censeantur,
1454 3396 1667 3427 necnon
1706 3395 2083 3442 quoscumque
2133 3395 2227 3442 pro
2267 3373 2412 3426 rabie

399 3471 456 3509 et
486 3461 610 3509 labe
644 3460 844 3510 heresis
879 3461 1145 3524 fugitivos
1182 3461 1275 3526 (Ρ),
1311 3480 1365 3512 se
1397 3481 1686 3528 nunquam
1719 3481 1808 3514 eos
1843 3474 1940 3517 aut
1972 3463 2212 3527 aliquem
2242 3478 2310 3512 ex
2337 3459 2410 3510 eis

404 3542 632 3603 favebit,
697 3543 1025 3609 receptabit,
1091 3544 1370 3606 defendet,
1436 3545 1706 3607 visitabit,
1785 3547 2038 3607 deducet,
2103 3542 2409 3602 associabit,

404 3629 548 3677 dona
582 3627 669 3675 vel
701 3644 927 3677 munera
960 3629 1030 3678 ab
1060 3627 1135 3677 eis
1169 3646 1279 3678 non
1307 3629 1552 3694 recipiet,
1587 3647 1696 3680 non
1726 3630 1933 3680 eisdem
1965 3630 2138 3690 dabit,
2187 3647 2308 3679 cum
2337 3626 2409 3676 eis

405 3724 514 3758 non
560 3709 811 3760 comedet
856 3711 943 3759 vel
989 3711 1366 3777 participabit,
1414 3731 1504 3763 eos
1552 3731 1737 3764 omnes
1785 3715 2005 3779 deteget
2050 3724 2105 3762 et
2147 3708 2410 3763 revelabit
