2540 4354
434 355 501 408 98
822 374 1108 407 BULLAIRE
1151 374 1226 405 DE
1283 352 1698 414 L’1NQu1s1T'10N
1743 369 2060 411 FRANQAISE

438 490 760 539 thesaurum
802 488 905 539 tibi
946 488 1168 539 scientie
1213 487 1447 537 contulit
1489 497 1653 552 teque
1712 484 1898 535 multis
1962 485 2261 536 virtutibus
2320 487 2443 537 edo-

436 572 599 635 tavit,
630 573 708 623 ita
739 574 884 639 quod
916 573 988 623 cis
1020 573 1137 639 (sic)
1168 571 1272 622 tibi
1301 570 1526 648 per‘vite
1558 569 1816 619 meritum
1845 580 1900 618 et
1929 569 2044 619 aliis
2065 571 2326 635 proficere
2348 589 2443 636 per

437 658 768 723 exemplum,
790 656 1028 707 officium
1046 654 1415 722 inquisitionis
1435 653 1669 704 heretice
1689 653 1982 719 pravitatis
2001 653 2056 703 in
2075 654 2365 706 Tholosan.
2386 665 2439 704 et

434 740 551 791 aliis
570 740 820 807 partibus
841 740 896 790 in
916 739 1115 806 quibus
1134 738 1428 804 inquisitor
1446 737 1691 787 eiusdem
1710 736 2004 803 pravitatis
2037 737 2092 787 in
2125 737 2284 788 dictis
2319 757 2439 803 par-

438 824 584 875 tibus
605 824 698 891 qui
716 824 822 874 fuit
841 842 937 891 pro
970 835 1218 890 tempore
1253 821 1587 874 auctoritate
1621 821 1922 887 apostolica
1955 822 2273 888 deputatus,
2307 822 2439 873 illud

428 907 714 958 consuevit
746 918 972 958 actenus
1017 924 1266 957 exercere
1299 905 1631 957 auctoritate
1663 905 1768 956 tibi
1799 906 2135 972 presentium
2182 906 2438 958 duximus

438 1011 609 1058 usque
643 993 711 1043 ad
744 991 1040 1059 apostolice
1074 991 1225 1045 Sedis
1258 989 1665 1056 beneplacitum
1685 989 2163 1054 committendum,
2184 990 2437 1057 faciendi,

435 1076 655 1142 gerendi
692 1086 747 1126 et
785 1075 1070 1126 exercendi
1109 1075 1164 1125 in
1203 1075 1455 1141 partibus
1495 1074 1788 1124 antedictis
1829 1075 2010 1124 omnia
2051 1093 2153 1141 que
2207 1075 2276 1125 ad
2330 1076 2440 1125 offi-

436 1160 578 1210 cium
631 1160 910 1226 pertinent
961 1159 1276 1209 huiusmodi
1327 1159 1653 1209 facultatem
1706 1159 2007 1224 plenariam
2060 1160 2435 1211 concedentes.

433 1244 697 1308 Quocirca
732 1243 1172 1294 discretioni’tue
1207 1262 1302 1309 per
1336 1242 1637 1309 apostolica
1672 1242 1875 1308 scripta
1912 1244 2238 1294 mandamus
2258 1244 2436 1309 quati-

429 1347 530 1379 nus
550 1329 829 1395 prelatum
849 1328 1087 1378 officium
1108 1328 1182 1378 sic
1203 1329 1427 1378 solerter
1446 1338 1500 1377 et
1523 1325 1755 1377 fideliter
1773 1327 2058 1393 exequaris
2079 1329 2225 1394 quod
2244 1328 2436 1378 exinde

427 1412 674 1463 divinam
703 1423 757 1462 et
785 1412 1084 1478 apostolice
1114 1411 1267 1466 Sedis
1297 1411 1533 1477 gratiam
1561 1412 1744 1463 valeas
1766 1411 1983 1462 uberius
2003 1412 2313 1478 promereri.
2340 1415 2436 1464 Per

421 1497 523 1546 hoc
543 1507 731 1546 tamen
760 1515 869 1546 non
887 1496 1226 1547 intendimus
1247 1496 1380 1547 alias
1399 1495 1447 1545 ei
1466 1495 1552 1545 cui
1570 1515 1637 1546 ex
1658 1496 1806 1546 Sedis
1826 1496 2067 1562 predicte
2100 1497 2440 1564 [voluntate]

428 1584 693 1648 deputare
728 1582 1109 1648 inquisitorem
1143 1582 1436 1649 pravitatis
1469 1582 1715 1632 eiusdem
1745 1582 1800 1631 in
1833 1582 1992 1633 dictis
2012 1583 2261 1649 partibus
2295 1601 2435 1633 com-

422 1667 563 1734 petit
582 1677 679 1717 aut
700 1667 876 1717 crdini
922 1678 1019 1717 tuo
1072 1667 1435 1733 imposterum
1498 1685 1659 1733 super
1719 1667 1976 1733 predictis
2025 1667 2436 1733 quomodolibet

425 1752 700 1817 derogare.
722 1781 791 1787 —-
824 1753 1033 1802 Datum
1067 1751 1342 1814 Avinioni,
1379 1772 1434 1802 vl
1470 1752 1731 1802 kalendas
1767 1752 2003 1817 augusti,
2039 1770 2182 1803 anno
2217 1763 2430 1805 octaVO.

478 1895 518 1936 1.
553 1894 636 1936 Les
658 1895 821 1936 debuts
843 1895 898 1935 de
920 1893 1066 1935 Pierre
1087 1894 1211 1935 Brun
1231 1909 1344 1935 nous
1362 1902 1467 1936 sont
1483 1893 1717 1935 inconnus.
1737 1894 1835 1947 Mgr
1853 1893 2037 1946 Douais,
2051 1894 2328 1948 Documencs‚
2345 1901 2434 1949 etc„

419 1979 465 2020 p.
500 1979 668 2017 cxx111,
703 1979 906 2015 cxxxm,
939 1965 978 2005 le
1010 1964 1096 2005 fait
1127 1972 1276 2006 entrer
1307 1978 1362 2005 en
1394 1965 1571 2017 charge,
1604 1965 1630 2004 3
1661 1963 1969 2018 l’Inquisition
2001 1965 2056 2006 de
2088 1965 2327 2017 Toulouse,
2359 1965 2436 2007 des

418 2035 593 2077 l'annee
616 2036 742 2076 1318.
768 2035 829 2075 Le
851 2036 1098 2076 document
1119 2034 1335 2076 ci-dessus
1359 2049 1532 2089 prouve
1555 2034 1666 2088 qu'il
1689 2035 1767 2087 n'y
1789 2035 1863 2076 fut
1885 2036 2064 2076 nomme
2088 2049 2175 2088 que
2197 2035 2237 2076 16
2260 2035 2314 2076 27
2335 2033 2438 2088 juil-

2518 1504 2540 1562 Ῑῖἑ

2522 1562 2540 1615 ξ

2519 1619 2540 1646 μ

416 2105 480 2147 let
499 2106 625 2146 1324.
647 2106 847 2146 Bernard
869 2104 955 2146 Gui
977 2104 1131 2146 venait
1152 2105 1294 2146 d'etre
1314 2119 1477 2159 promu
1497 2106 1522 2146 3
1543 2105 1741 2146 1’6ν60116
1762 2106 1816 2146 (16
1837 2106 1938 2158 Tuy
1962 2105 2020 2157 (n.
2043 2105 2131 2158 44).
2155 2105 2246 2146 Son
2266 2119 2437 2147 succes·

416 2191 520 2218 seur
542 2174 755 2217 continua
779 2175 816 2217 si
839 2175 943 2216 bien
965 2190 1046 2216 son
1069 2189 1225 2216 oeuvre
1249 2190 1351 2229 que,
1376 2177 1452 2217 (163
1476 2177 1651 2217 1’33366
1675 2175 1886 2217 suivante
1913 2175 1983 2229 (20
2007 2176 2262 2229 septembre
2286 2174 2432 2229 1325),

413 2245 445 2287 il
471 2245 632 2288 merita
658 2246 799 2287 d’etre
825 2246 926 2286 Ioue
953 2261 1036 2299 par
1059 2246 1099 2286 le
1125 2260 1243 2300 pape
1270 2261 1385 2300 pour
1410 2261 1492 2287 son
1517 2246 1607 2287 zele
1638 2245 1696 2299 (n.
1726 2246 1812 2299 63).
1843 2246 1934 2287 Son
1961 2245 2160 2287 tribunal
2187 2245 2433 2288 examinait
2503 2246 2506 2247 ⁷

415 2317 531 2358 alors
556 2316 596 2357 le
620 2329 694 2357 033
721 2316 829 2357 (1’113
855 2317 1004 2370 pretre
1029 2317 1188 2357 accuse
1214 2316 1450 2365 d'heresie3
1478 2315 1590 2357 mais
1616 2316 1707 2357 l'on
1732 2315 2034 2371 soupconnait
2058 2315 2150 2357 fort
2175 2330 2242 2357 ses
2268 2317 2435 2357 denon—
2509 2326 2515 2331 “

413 2387 607 2429 ciateurs
635 2388 690 2428 de
716 2386 878 2428 l’avoir
905 2387 1066 2439 charge
1094 2388 1120 2427 3
1147 2386 1272 2428 faux,
1303 2386 1627 2441 L’inquisiteur
1653 2394 1796 2440 ayant
1849 2387 2051 2428 consulte
2078 2387 2118 2427 le
2146 2401 2263 2440 pape
2291 2401 2367 2427 sur
2391 2386 2433 2428 13

412 2457 627 2499 conduite
651 2458 677 2498 3
703 2457 832 2509 tenir,
858 2457 975 2498 Jean
999 2457 1142 2497 XXII
1168 2472 1362 2511 proposa
1387 2458 1430 2498 la
1456 2457 1756 2498 convocation
1781 2458 1916 2498 d'une
1941 2457 2185 2498 assemblee
2211 2456 2434 2498 consulta·
2498 2470 2502 2472 ’

413 2527 507 2569 tive
528 2527 586 2582 (3.
607 2526 694 2580 69).
716 2527 785 2568 Ε3
802 2527 1036 2568 decembre
1053 2528 1182 2579 1325,
1202 2528 1248 2568 P.
1268 2528 1405 2576 Brun,
1426 2527 1584 2569 assiste
1602 2527 1792 2569 d’Henri
1826 2529 1880 2568 de
1913 2527 2132 2580 Chamay,
2165 2526 2432 2581 inquisiteur

412 2599 467 2639 de
491 2582 807 2650 Carcassonne,
831 2605 878 2638 et
899 2598 961 2638 (111
984 2597 1287 2639 commissaire
1311 2599 1365 2639 de
1387 2599 1594 2652 l’eveque
1617 2599 1672 2639 de
1693 2597 1884 2650 Beziers,
1907 2612 2136 2651 prononca
2159 2597 2202 2638 la
2225 2605 2432 2638 sentence
2506 2607 2507 2610 ’

411 2669 466 2709 (16
489 2668 556 2709 six
579 2667 848 2721 heretiques.
875 2668 1012 2720 Doat,
1036 2676 1068 2708 t.
1094 2683 1247 2720 xxvn,
1270 2669 1347 2709 fol.
1373 2669 1517 2709 89-91.
1543 2669 1604 2709 Le
1627 2669 1695 2708 18?
1717 2683 1836 2709 mars
1859 2669 1970 2709 1327
1999 2667 2057 2721 (n.
2082 2666 2175 2720 st.)‚
2198 2667 2228 2707 il
2251 2666 2425 2718 assistet,

410 2753 520 2779 avec
549 2739 754 2791 l’eveque
784 2738 937 2778 d'Alet
967 2746 1012 2778 et
1045 2738 1161 2779 Jean
1192 2738 1388 2792 Duprat,
1418 2739 1445 2779 3
1475 2753 1537 2779 113
1566 2745 1655 2779 acte
1683 2739 1734 2779 de
1760 2739 1824 2791 soi
1854 2739 2024 2779 celebre
2054 2739 2079 2778 3
2110 2737 2423 2779 Carcassonne.

411 2808 547 2860 Doat,
572 2815 605 2849 t.
631 2822 804 2860 xxv111,
827 2808 903 2848 fol.
930 2809 1134 2849 178-186.
1162 2808 1343 2850 Durant
1365 2809 1426 2850 les
1451 2810 1614 2850 333663
1638 2809 1901 2861 1328-1329,
1928 2823 1985 2849 03
2008 2808 2048 2848 16
2072 2815 2248 2859 trouve,
2273 2808 2299 2847 3
2323 2806 2423 2848 Car*

409 2893 639 2930 cassonne,
664 2879 690 2918 3
717 2878 974 2930 Narbonne,
999 2879 1025 2919 3
1051 2878 1264 2930 Pamiers,
1289 2880 1316 2919 3
1339 2879 1529 2930 Beziers,
1555 2878 1802 2933 presidant,
1828 2893 1938 2920 avec
1965 2878 2104 2919 Henri
2129 2879 2183 2919 de
2224 2877 2425 2928 Chamay

409 2956 454 2990 et
480 2948 541 2990 les
569 2949 762 3002 eveques
790 2949 852 2989 du
878 2947 1150 3002 Languedoc
1179 2964 1238 2990 011
1263 2949 1380 2990 leurs
1409 2949 1630 3002 delegues,
1660 2950 1686 2990 3
1705 2950 1781 2990 (163
1802 2948 2085 3002 abjurations
2104 2946 2421 3000 d'heretiques,

406 3019 432 3059 3
455 3019 531 3059 (163
554 3018 882 3059 consultations
906 3020 960 3059 de
984 3019 1260 3072 theologiens
1284 3027 1329 3061 et
1351 3020 1406 3060 de
1428 3019 1698 3071 canonistes,
1721 3020 1747 3060 3
1770 3020 1846 3060 des
1869 3026 1980 3060 actes
2001 3019 2052 3060 de
2070 3018 2149 3071 soi,
2172 3019 2199 3058 3
2221 3018 2298 3059 (163
2320 3030 2420 3071 pro-

405 3090 568 3130 1103063
603 3089 658 3129 (16
691 3096 914 3130 sentence.
953 3089 1138 3141 Douais,
1168 3089 1445 3141 Documents,
1480 3096 1570 3142 etc„
1599 3105 1641 3144 p.
1680 3103 1896 3141 cin-exn,
1933 3102 2308 3136 cxxw-cxxvuu
2357 3085 2421 3126 La

404 3158 587 3210 formale
622 3158 963 3211 communicato,
1001 3173 1044 3212 p.
1082 3160 1228 3200 41-49.
1266 3159 1328 3200 Le
1364 3160 1419 3200 24
1455 3160 1700 3201 novembre
1735 3160 1864 3212 1328,
1900 3159 1930 3199 11
1965 3159 2098 3212 jugea
2133 3157 2422 3208 Barthelemy

404 3228 638 3280 Adalbert,
674 3228 847 3270 notaire
882 3230 936 3270 de
970 3229 1277 3283 l'Inquisition
1312 3231 1367 3271 de
1402 3230 1719 3281 Carcassonne,
1754 3230 1975 3283 coupable
2009 3230 2065 3270 de
2098 3242 2256 3282 graves
2291 3225 2421 3268 delita

406 3299 518 3339 dans
544 3298 775 3339 l’exercice
801 3299 856 3339 de
882 3313 949 3340 363
976 3299 1216 3340 fonctions.
1248 3299 1284 3340 Il
1311 3299 1503 3341 termina
1530 3299 1644 3341 ainsi
1671 3314 1732 3340 un
1759 3298 1914 3340 conssit
1947 3300 2003 3340 de
2043 3297 2306 3352 juridiction
2346 3293 2422 3349 qui

404 3368 557 3410 s'etait
583 3369 704 3409 cleve
733 3376 857 3409 entre
882 3369 1087 3423 l’eveque
1114 3370 1169 3410 de
1196 3370 1513 3422 Carcassonne,
1542 3370 1688 3411 Pierre
1717 3369 1896 3417 Rodier,
1926 3367 2290 3422 etl'inquisiteur
2306 3365 2419 3406 Jean

406 3437 600 3491 Duprat,
622 3453 681 3480 au
701 3438 822 3491 sujet
842 3440 897 3479 de
917 3439 959 3480 la
978 3438 1188 3492 punition
1207 3440 1262 3481 de
1283 3454 1331 3481 ce
1349 3440 1621 3482 subalterne.
1643 3431 1829 3493 Eveque
1849 3446 1894 3480 et
1910 3438 2180 3492 inquisiteur
2196 3435 2420 3480 s’etaient‚

403 3509 465 3548 du
493 3516 625 3558 reste,
655 3509 875 3550 entendus
904 3522 1020 3562 pour
1047 3509 1110 3550 lui
1137 3517 1350 3551 remettre
1379 3518 1499 3551 cette
1527 3524 1673 3552 cause.
1706 3510 1890 3562 Douais,
1915 3510 2115 3561 Docum„
2145 3523 2188 3562 p.
2210 3516 2414 3548 Lxxxm·

403 3590 616 3619 Lxxxvn.
640 3578 807 3619 Bardin
829 3587 1013 3620 raconte
1034 3580 1146 3621 dans
1167 3595 1216 3622 sa
1239 3579 1484 3634 Chronique
1508 3580 1639 3633 (Hist.
1663 3581 1714 3621 de
1733 3580 1891 3632 Lang„
1915 3587 1947 3621 t.
1972 3594 2018 3632 Χ,
2041 3579 2220 3630 Preuv.,
2242 3576 2322 3618 col.
2345 3573 2414 3627 37)

401 3661 487 3700 que
512 3648 812 3702 l’inquisiteur
837 3657 929 3701 cut,
956 3664 1009 3689 en
1035 3651 1146 3691 1329
1173 3658 1218 3692 et
1242 3651 1370 3703 1330,
1396 3652 1422 3691 3
1447 3651 1659 3692 defendre
1683 3651 1744 3691 les
1770 3650 2005 3704 privileges
2030 3651 2085 3691 de
2110 3663 2191 3690 303
2216 3644 2410 3688 tribunal

399 3726 553 3759 contre
579 3717 832 3760 Guillaume
857 3720 912 3760 de
938 3719 1113 3772 Villars,
1138 3721 1243 3773 juge
1269 3721 1529 3774 d'appeaux
1554 3721 1609 3761 de
1634 3720 1873 3771 Toulouse,
1900 3720 2060 3772 charge
2086 3734 2169 3774 par
2192 3719 2232 3758 le
2256 3715 2321 3757 roi
2359 3715 2413 3756 de

399 3802 564 3841 couper
583 3795 713 3829 court
732 3803 822 3830 aux
844 3789 1186 3843 empietements
1207 3792 1283 3832 des
1321 3805 1450 3832 cours
1471 3790 1827 3844 eeclesiastiques
1862 3805 1938 3831 sur
1972 3791 2013 3831 13
2045 3788 2209 3843 justice
2242 3785 2408 3840 royale.
