2540 4354
978 374 1245 426 cm‘zussur
1284 391 1318 423 v
2062 376 2128 426 25

32 504 33 507 ¹
101 495 109 537 '-
158 507 331 560 decim
371 526 541 559 annos
581 518 637 559 et
676 506 910 574 amplius
950 517 1067 557 tam
1095 505 1266 567 Albie,
1309 523 1473 571 quam
1530 506 1853 556 Carcassone
1909 507 2133 557 carceris

31 615 35 620 ’
157 590 433 656 angustias
471 590 864 652 sustinuerunt,
905 589 1044 640 sicut
1083 588 1251 654 aliqui
1289 606 1474 638 eorum
1499 588 1817 654 superstites
1843 590 2132 654 adpresens

153 673 416 726 sustinere
434 684 749 736 noscuntur,
767 673 891 724 licet
908 672 1053 723 nulla
1072 689 1232 738 super
1249 672 1349 721 hoc
1366 671 1511 722 facta
1531 670 1694 720 fuerit
1712 672 2132 737 condempnatio

111 756 222 808 de
260 756 490 821 eisdem,
522 775 618 808 nos
658 757 727 808 ad
767 774 954 806 eorum
992 754 1315 806 instantiam
1357 755 1495 804 bone
1538 754 1791 804 memorie
1810 755 2131 815 Bertrando,

94 835 95 838 ¹
153 837 301 891 tituli
346 850 660 892 sanctorum
708 838 974 890 Johannis
1022 848 1077 888 et
1129 836 1281 888 Pauli
1329 835 1625 903 presbitero
1675 835 1951 898 cardinali,
2001 847 2132 887 tunc

126 921 404 989 .episcopo
423 921 653 985 Albien„
666 942 728 975 ac
744 921 1068 989 inquisitori,
1087 940 1182 971 seu
1198 920 1610 986 inquisitoribus
1630 919 1883 986 predictis
1916 939 2009 986 per
2039 939 2132 970 no-

111 1052 113 1054 ,
154 1014 294 1058 stras
311 1008 412 1058 sub
429 1018 575 1059 certa
593 1005 766 1058 forma
785 1005 1032 1057 dedimus
1051 1004 1260 1056 lit-teras
1282 1003 1336 1053 in
1357 1004 1647 1063 mandatis,
1679 1003 1822 1054 inter
1840 1004 1941 1054 alia
1962 1003 2131 1054 conti·

113 1077 120 1080 Ν
151 1097 339 1140 nentes
365 1100 428 1140 ut
449 1090 555 1158 ipsi
575 1109 701 1156 erga
727 1090 900 1141 dictos
925 1089 1066 1139 cives
1090 1107 1275 1138 eorum
1301 1087 1458 1138 officii
1490 1088 1736 1138 debitum
1771 1087 2131 1153 adimplerent

31 1200 37 1208 -·
153 1182 314 1238 prout
342 1173 472 1224 ordo
499 1174 741 1239 exigeret
768 1173 1009 1225 rationis.
1040 1173 1144 1223 Sed
1170 1172 1528 1233 Bertrandus,
1558 1172 1688 1222 dum
1709 1170 1865 1232 vixit,
1885 1181 1939 1219 et
1958 1170 2130 1235 inqui·

99 1249 111 1311 s
149 1254 338 1307 sitores
360 1257 612 1323 predicti,
631 1257 955 1324 presentatis
974 1257 1076 1308 sibi
1094 1255 1407 1322 hujusmodi
1424 1254 1620 1305 nostris
1638 1254 1850 1315 litteris,
1869 1254 1923 1304 in
1944 1254 2131 1320 hujus-

95 1341 101 1375 1
158 1338 303 1390 modi
328 1341 548 1406 negocio
574 1360 671 1408 pro
696 1341 938 1409 ipsorum
966 1340 1266 1392 voluntatis
1293 1340 1448 1390 libito
1476 1339 1760 1405 procedere
1781 1338 2128 1400 distulerunt,

35 1426 38 1427 ⁷
151 1420 208 1472 in
254 1421 495 1489 ipsorum
544 1424 744 1476 civium
795 1424 1153 1492 prejudicium
1203 1442 1311 1473 non
1363 1422 1635 1473 modicum
1698 1433 1753 1472 et
1817 1439 2129 1486 gravamen,

105 1503 277 1557 '.licet
319 1506 547 1558 fuissent
590 1526 750 1575 super
793 1509 894 1559 hoc
937 1507 1134 1575 pluries
1178 1506 1429 1573 legitimis
1474 1506 1809 1572 temporibus
1855 1504 2130 1555 humiliter

102 1586 107 1592 Α
157 1589 416 1656 requisiti.
461 1591 569 1642 Nos
602 1592 782 1658 igitur,
825 1592 917 1658 qui
955 1610 1142 1642 sumus
1184 1590 1434 1641 omnibus
1475 1590 1526 1640 in
1567 1589 1784 1655 justicia
1839 1588 2127 1650 debitores,

154 1671 394 1725 volentes
422 1674 630 1726 civibus
657 1675 786 1742 ipsis
814 1694 974 1742 super
1002 1677 1102 1726 hoc
1128 1673 1370 1725 exhiberi
1396 1684 1451 1723 et
1478 1673 1630 1723 reddi
1655 1672 1868 1738 justicie
1897 1672 2127 1737 comple·

51 1791 72 1833 3
86 1750 113 1833 ’ἑ
155 1766 416 1820 mentum,
430 1776 492 1810 ac
502 1758 744 1810 nolentes
764 1769 826 1810 ut
845 1758 1158 1825 hujusmodi
1175 1756 1539 1824 inquisitionis
1558 1756 1839 1821 negocium
1850 1774 1972 1821 erga
1985 1755 2128 1821 ipsos

23 1877 27 1881 .
65 1834 110 1899 ss
153 1837 374 1892 ulterius
392 1843 760 1907 protrabatur,
776 1842 1131 1912 [fraternitati
1149 1839 2127 1909 tueJmandamusquatinusunacum

51 1965 55 1989 Ι,
95 1933 114 1997 s
153 1919 310 1975 dictis
338 1922 748 1991 inquisitoribus
780 1926 975 1992 quibus
1006 1944 1166 1993 super
1197 1927 1298 1976 hoc
1326 1924 1493 1994 etiam
1525 1923 1734 1976 litteras
1765 1933 1978 1973 nostras
2001 1921 2123 1972 diri-

2 2074 7 2083 .
91 1999 110 2051 ἶ
154 2003 326 2072 ‘imus
342 2025 590 2060 exerceas
609 2009 767 2061 officii
785 2009 867 2061 tui
883 2009 1130 2061 debitum
1149 2008 1289 2060 sicut
1307 2008 1482 2070 decet,
1501 2008 1568 2058 ad
1589 2005 1972 2073 inquirendum
2006 2023 2126 2055 con·

52 2084 234 2147 ΝΕ
250 2088 364 2142 illos
382 2102 570 2143 contra
590 2109 723 2159 quos
740 2092 1060 2159 inquisitum
1078 2111 1183 2143 non
1204 2103 1286 2143 est
1302 2102 1357 2142 et
1375 2092 1632 2142 adversus
1651 2090 1766 2141 illos
1786 2100 1970 2140 contra
1993 2107 2126 2155 quos

47 2148 131 2210 φ
149 2169 466 2239 inquisitum
494 2175 697 2238 existit,
726 2177 817 2227 sed
847 2195 954 2226 non
984 2177 1137 2243 plene
1166 2175 1449 2240 diligenter
1476 2193 1536 2225 ac
1566 2173 1799 2240 plenarie
1829 2173 2124 2222 secundum

60 2266 71 2310 2.
106 2250 118 2276 '⁵
151 2252 379 2308 formam
409 2277 512 2324 que
543 2260 706 2310 debet
735 2270 790 2310 et
821 2259 1103 2310 consuevit
1133 2259 1187 2309 in
1218 2259 1418 2321 talibssus
1450 2257 1749 2319 observari3
1782 2267 1965 2306 contra
2011 2255 2125 2305 illos

60 2406 62 2411 Ι
107 2373 121 2414 '.
152 2354 276 2389 vero
294 2350 480 2393 contra
502 2361 635 2408 quos
657 2344 809 2410 plene
830 2342 1149 2409 inquisitum
1169 2353 1251 2393 est
1271 2343 1338 2393 ad
1360 2340 1687 2392 sententiam
1710 2339 1897 2406 previa
1914 2338 2123 2389 ratione

58 2439 72 2472 ς·
110 2478 115 2481 ,
149 2423 424 2488 procedas,
440 2435 497 2476 et
513 2425 644 2477 alias
663 2437 851 2478 contra
868 2426 1102 2493 reliquos
1122 2425 1283 2477 officii
1299 2425 1379 2476 tui
1397 2424 1644 2475 debitum
1662 2422 1944 2488 exequaris
1965 2433 2125 2488 prout

149 2503 280 2555 ordo
301 2507 537 2573 exegerit
560 2508 802 2562 rationis.
831 2509 915 2560 Sic
938 2528 1062 2575 ergo
1088 2509 1143 2560 in
1168 2507 1480 2574 hujusmodi
1505 2506 1836 2558 executionis
1865 2506 2124 2556 mandato

0 2611 3 2664 ᾗ
60 2582 92 2654 ²'s
149 2595 205 2638 te
230 2589 450 2642 solerter
477 2610 653 2658 gerere
683 2594 903 2644 studeas
933 2594 1077 2660 quod
1107 2593 1269 2643 iidem
1299 2593 1440 2642 cives
1470 2591 1562 2657 qui
1590 2590 1759 2656 longis
1790 2588 2124 2655 temporibus

0 2668 2 2755 L
148 2673 369 2725 carceris
413 2676 691 2742 angustias
736 2688 865 2728 sunt
910 2676 1146 2744 perpessi
1204 2688 1259 2727 et
1319 2676 1547 2742 cupiunt
1607 2675 1750 2740 quod
1814 2682 2123 2723 meruerunt

0 2777 3 2825 2
60 2750 540 2812 rationabiliter
578 2759 634 2810 in
675 2762 775 2812 hac
818 2771 970 2827 parte
1013 2760 1269 2825 consequi
1310 2778 1418 2810 non
1459 2769 1722 2822 cogantur
1764 2768 1983 2823 propter
2025 2757 2122 2805 hoc

0 2869 2 2882 ν
63 2836 111 2894 *ι’
150 2836 342 2891 habere
387 2859 661 2918 recursum
708 2845 776 2895 ad
841 2845 1032 2895 Sedem
1097 2843 1449 2910 apostolicam
1510 2842 1724 2891 iterato.
1789 2869 1855 2876 —
1919 2841 2121 2889 Datum

68 2915 417 2988 Avinioni,
451 2944 555 2978 xm
616 2927 872 2980 kalendas
907 2927 1049 2990 maii,
1083 2945 1224 2979 anno
1259 2937 1471 2977 octavo·

67 3127 116 3147 ,
225 3074 285 3131 In
313 3078 543 3129 eundem
576 3080 798 3132 modum
829 3080 1037 3131 dilectis
1073 3080 1192 3131 siliis
1225 3118 1256 3132 ..
1289 3080 1612 3146 inquisitori,
1658 3098 1752 3130 seu
1796 3076 2122 3144 inquisitori-

90 3176 94 3178 ·
151 3154 249 3210 bns
278 3159 510 3212 heretice
542 3162 830 3228 pravitatis
862 3163 916 3213 in
950 3165 1328 3215 Carcassonen.
1349 3174 1404 3213 et
1424 3163 1632 3214 Albien.
1663 3162 1907 3228 partibus
1935 3180 1964 3211 a
1989 3161 2121 3212 Sede

109 3274 120 3287 .-
154 3242 445 3307 apostoliea
490 3245 786 3311 deputatis.
833 3276 902 3284 —-
948 3247 1185 3308 Dudum,
1232 3257 1355 3308 etc.,
1403 3258 1464 3296 ut
1508 3265 1668 3312 supra
1730 3245 1993 3311 proximo,
2050 3243 2121 3292 nil

116 3323 335 3376 addito
387 3327 473 3377 vel
526 3338 740 3379 mutato
795 3348 995 3396 usque:
1038 3332 1405 3396 protrahatur.
1466 3329 1785 3380 Discretioni
1854 3337 2029 3377 vestre
2065 3325 2118 3375 in

77 3434 87 3474 ζ
114 3405 349 3482 fvii-tute
426 3420 611 3461 sancte
690 3413 992 3462 obedientie
1072 3432 1165 3479 per
1237 3412 1533 3479 apostolica
1599 3412 1797 3477 scripta
1879 3408 2120 3458 districte

75 3499 117 3540 ἔ
153 3490 493 3558 precipiendo
528 3495 851 3546 mandamus
885 3497 1143 3562 quatinus
1179 3515 1283 3546 una
1320 3515 1441 3546 cum
1477 3494 1770 3545 venerabili
1816 3496 1982 3545 fratre
2028 3510 2119 3541 no-

149 3582 261 3624 atro
289 3574 534 3637 Geraldo‚
566 3577 816 3644 episcopo
838 3579 1065 3640 Albien„
1085 3580 1347 3644 cuisuper
1367 3580 1464 3628 hoc
1482 3578 1647 3628 etiarn
1668 3578 1876 3627 litteras
1896 3586 2107 3625 nostras

150 3655 441 3722 dirigimus,
482 3677 605 3710 cum
646 3679 806 3727 super
847 3663 945 3712 hoc
986 3664 1057 3713 ab
1108 3681 1170 3712 eo
1226 3662 1434 3712 fueritis
1486 3661 1748 3727 requisiti,
1806 3669 2115 3709 exercentes

86 3754 104 3794 ,ζ’
153 3739 317 3790 vestri
346 3739 503 3791 officii
519 3742 767 3794 debitum
797 3745 1127 3807 sicutdecet,
1157 3746 1222 3795 ad
1253 3745 1634 3809 inquirendum
1655 3754 1842 3793 contra
1862 3743 1976 3792 illos
1997 3759 2118 3790 con-
