2540 4354
494 385 597 437 444
882 407 1168 440 BULLAIRE
1210 407 1285 439 DE
1327 388 1740 450 L’momsrnox
1788 412 2105 456 FRANQAISE

1342 637 1421 650 -—
1460 607 1670 667 312—

577 783 801 846 Jacques
827 782 898 845 ⁴de
936 782 1138 848 Morey,
1176 802 1366 848 proma
1401 788 1434 834 ἀ
1469 786 1522 834 la
1556 786 1741 851 charge
1776 787 2149 854 d’inquisiteur
2184 791 2243 840 de
2292 793 2491 844 France

500 884 598 930 par
638 865 682 914 le
721 865 1018 930 provincial
1057 867 1143 916 des
1184 867 1558 931 dominicains,
1603 870 1642 920 il
1681 890 1714 936 y
1754 889 1924 922 aonze
1953 891 2067 936 ans,
2111 886 2182 924 est
2226 875 2494 928 maintenu.

497 950 630 999 dans
675 968 753 999 ces
797 949 1056 1015 fonctions
1099 951 1314 1017 jusqu‘d
1360 955 1543 1004 nouvel
1587 955 1732 1005 ordre
1776 967 1820 1006 ec
1865 957 2018 1017 recoit
2065 978 2163 1008 une
2208 960 2493 1025 delegation

499 1034 728 1083 nouvelle
760 1035 832 1084 du
864 1053 1017 1100 pape.
1053 1064 1121 1071 —
1154 1036 1424 1102 Avignon,
1460 1039 1490 1088 3
1525 1040 1808 1090 decembre
1846 1041 1996 1092 1379.

841 1162 949 1214 Reg.
970 1161 1125 1215 Aven„
1144 1171 1175 1206 t.
1198 1177 1359 1207 ccxxu
1384 1165 1534 1218 (Clem.
1570 1166 2092 1224 V11,t.xv111),f01.‘411
2121 1174 2190 1218 v⁰;
2212 1172 2316 1225 Reg.
2339 1172 2452 1226 Vae„
2468 1181 2500 1216 t.

786 1247 942 1275 ccxcn
974 1233 1125 1287 (Clem.
1155 1235 1260 1288 VII,
1288 1251 1359 1277 an.
1391 1235 1473 1289 ΙΙ),
1499 1236 1574 1278 fol.
1604 1238 1679 1287 49;
1711 1239 1868 1292 Eubel,
1893 1239 1978 1281 Die
2003 1240 2369 1294 Avignonesische
2398 1243 2501 1300 0120-

783 1305 908 1346 dienz
945 1305 1019 1346 der
1055 1306 1539 1360 Mendikanten-orden,
1580 1323 1623 1349 n.
1665 1310 1718 1350 72
1762 1308 1930 1363 (anal.).

575 1426 786 1476 Dilecto
821 1425 928 1476 filio
960 1426 1167 1476 Jacobo
1197 1427 1263 1476 de
1293 1427 1511 1493 Moreyo
1537 1426 1573 1489 1,
1605 1428 1805 1479 ordinis
1835 1429 2068 1482 fratrum
2097 1433 2496 1498 predicatorum

501 1510 808 1576 professori,
846 1510 900 1560 in
937 1528 1088 1560 sacra
1125 1511 1398 1575 theologia
1437 1511 1716 1576 magistro,
1753 1512 1808 1563 in
1846 1515 2094 1580 partibus
2111 1517 2260 1581 regni
2280 1517 2496 1570 Francie

501 1594 812 1659 inquisitori
848 1594 1081 1644 heretice
1122 1595 1432 1660 pravitatis,
1473 1597 1724 1659 salutem,
1764 1609 1866 1649 etc.
1907 1626 1975 1634 ——
2016 1600 2222 1651 Intenti
2274 1603 2499 1667 pastoris

502 1679 792 1730 solicitudo
835 1679 1063 1745 requirit
1109 1690 1172 1730 ut
1216 1679 1355 1731 circa
1401 1681 1572 1746 gregis
1617 1682 1719 1732 sibi
1763 1681 2205 1736 crediti’salutem
2223 1686 2500 1753 diligenter

503 1764 811 1827 intendenS,
848 1782 938 1815 eos
975 1783 1006 1816 a
1045 1783 1393 1831 quacumque
1429 1777 1581 1832 peste
1615 1777 1671 1816 et
1707 1768 1993 1833 presertim
2030 1769 2320 1835 pravitatis
2357 1772 2498 1822 here·

505 1849 613 1900 tice
644 1849 730 1915 pie
762 1867 1083 1901 conservare
1115 1861 1358 1901 conetur.
1394 1851 1530 1902 Cum
1560 1851 1749 1918 itaque
1781 1853 1922 1903 sicut
1952 1854 2260 1920 accepimus
2292 1866 2406 1907 tam
2435 1873 2501 1907 ex

504 1946 596 1984 tue
644 1934 925 2000 petitionis
973 1935 1106 1985 serie
1153 1954 1320 2001 quam
1365 1937 1753 1987 nonnullorum
1816 1924 2214 2003 fidedignorum
2271 1939 2502 1992 insinua·

505 2019 652 2070 tione
687 2019 833 2085 quod
868 2021 1096 2071 dilectus
1135 2020 1273 2071 filius
1309 2021 1655 2087 provincialis
1690 2022 1823 2072 dieti
1855 2022 1938 2072 tui
1971 2023 2171 2073 ordinis
2208 2034 2337 2074 tunc
2369 2035 2499 2076 tem-

505 2103 646 2170 poris
683 2104 1001 2170 deputatus,
1036 2105 1221 2170 vigore
1255 2105 1661 2171 privilegiorum
1696 2106 2019 2172 provinciali
2052 2107 2196 2158 dicte
2230 2108 2498 2174 provincie

505 2207 665 2255 super
698 2188 1048 2239 institutione
1083 2189 1217 2239 dicti
1252 2189 1412 2239 officii
1453 2190 1826 2256 Inquisitionis
1845 2191 2496 2244 huiusmodiauetoritate

504 2273 822 2345 apostolica,
880 2285 942 2324 ut
997 2274 1275 2336 asseritur,
1332 2275 1691 2336 indultorum,
1748 2286 1803 2325 te
1857 2275 2236 2342 inquisitorem
2274 2277 2498 2328 heretice

506 2358 797 2424 pravitatis
830 2359 884 2409 in
918 2360 1167 2424 partibus
1214 2360 1347 2410 dicti
1392 2360 1542 2425 regni
1587 2361 1797 2411 dudum
1843 2361 2062 2411 duxerit
2107 2361 2497 2427 deputandum,

511 2443 754 2509 illudque
786 2443 1023 2516 officium
1055 2444 1157 2494 tibi
1189 2444 1523 2495 commiserit
1541 2446 1932 2507 exercendum3
1952 2456 2123 2511 tuque
2142 2457 2266 2512 post
2283 2447 2498 2498 modum

506 2538 670 2593 prout
726 2528 1010 2593 fidedignis
1065 2528 1395 2579 testimoniis
1449 2530 1778 2595 accepimuS,
1831 2530 1886 2580 in
1919 2530 2232 2581 huiusmodi
2283 2529 2500 2597 Inquisi-

506 2613 668 2663 tionis
700 2613 873 2663 officio
905 2624 960 2662 te
990 2613 1374 2664 exercitaveris
1404 2614 1755 2664 laudabiliter
1783 2625 1839 2664 et
1869 2615 2092 2664 solerter
2121 2616 2256 2666 adeo
2288 2614 2493 2681 quodin

507 2697 820 2748 huiusmodi
855 2698 1115 2748 exercicio
1151 2717 1438 2749 romanam
1478 2699 1775 2749 Ecclesiam
1812 2710 1866 2748 et
1903 2700 2147 2750 ordinem
2170 2710 2327 2751 tuum
2343 2698 2501 2766 pluri-

508 2801 658 2833 mum
683 2783 967 2833 honorasti
995 2795 1048 2833 et
1071 2782 1441 2833 indesinenter
1466 2784 1721 2844 honoras,
1747 2802 1842 2834 nos
1870 2784 2151 2849 cupientes
2178 2795 2239 2834 ut
2270 2783 2498 2835 officium

507 2867 686 2932 ipsum
723 2868 930 2917 solicite
967 2878 1022 2918 et
1059 2867 1346 2932 diligenter
1380 2879 1718 2931 exerceatur,
1755 2888 1818 2920 ac
1855 2869 1920 2918 de
1958 2887 2184 2934 persona
2222 2879 2318 2920 tua
2357 2867 2493 2933 apud

507 2970 602 3001 nos
645 2953 709 3001 de
751 2952 1020 3017 religionis
1061 2954 1194 3014 zelo,
1235 2953 1546 3003 litterarum
1587 2953 1835 3015 sciencia,
1879 2953 1991 3003 vite
2032 2973 2094 3004 ac
2149 2972 2359 3004 morum
2411 2953 2517 3010 ho·⁴

507 3046 723 3086 nestate
773 3047 828 3086 et
879 3037 995 3087 aliis
1048 3036 1322 3087 virtutum
1375 3037 1581 3087 meritis
1635 3037 2011 3102 multipliciter
2064 3027 2498 3087 commendatum

509 3121 562 3170 in
594 3120 692 3170 hiis
722 3131 779 3170 et
809 3121 926 3172 aliis
958 3122 1176 3187 plenam
1193 3121 1248 3171 in
1268 3121 1503 3172 Domino
1531 3121 1787 3172 fiduciam
1807 3122 2117 3172 obtinentes
2137 3141 2198 3172 ac
2229 3129 2495 3187 sperantes

509 3204 730 3255 indubie
779 3207 924 3272 quod
973 3224 1034 3256 ea
1084 3224 1187 3271 que
1235 3206 1338 3256 tibi
1386 3206 1795 3256 committemus
1839 3207 2133 3272 prudenter
2178 3217 2233 3255 et
2279 3203 2498 3255 fideliter

510 3290 799 3351 exercebis,
836 3300 890 3339 te
925 3290 980 3340 in
1016 3290 1163 3340 dicto
1205 3290 1577 3356 Inquisitionis
1609 3290 1782 3340 officio
1819 3308 1912 3355 per
1948 3290 2158 3340 dictum
2206 3287 2494 3356 provincia-

506 3373 612 3423 lem
643 3383 705 3422 ut
732 3374 1074 3440 premittitur
1102 3374 1206 3424 tibi
1234 3374 1541 3436 commiSSO,
1560 3374 1614 3425 in
1637 3374 1870 3440 quoiam
1888 3392 1981 3440 per
2000 3373 2250 3425 undecim
2267 3390 2431 3424 annos
2445 3379 2495 3420 et
2538 3434 2540 3446 ἶ

509 3458 741 3523 amplius
773 3458 1051 3509 fructuose
1080 3469 1136 3509 et
1164 3459 1515 3511 laudabiliter
1546 3469 1607 3509 ut
1638 3459 1977 3524 percepimus
1996 3469 2050 3508 te
2082 3458 2292 3524 gessisti
2320 3465 2494 3508 aucto·
2535 3477 2540 3502 ε

508 3542 672 3593 ritate
712 3543 1011 3608 apostolica
1053 3554 1240 3593 tenore
1281 3544 1618 3609 presentium
1658 3561 1725 3592 ex
1764 3553 1950 3593 nostra
1993 3553 2138 3593 certa
2179 3540 2398 3592 scientia
2435 3537 2495 3589 de
2529 3524 2539 3567 *⁴

510 3626 729 3691 speciali
766 3627 940 3692 gratia
980 3628 1370 3678 confirmamus
1408 3627 1618 3692 tibique
1656 3627 1788 3676 illud
1827 3627 1891 3676 de
1930 3645 2072 3676 novo
2093 3624 2494 3683 committimus,
2531 3674 2535 3701 ι,

510 3719 673 3775 teque
712 3711 767 3760 in
806 3711 996 3761 eodem
1037 3729 1200 3776 regno
1243 3710 1621 3778 inquisitorem
1662 3711 1894 3761 heretice
1937 3710 2226 3776 pravitatis
2279 3708 2493 3760 facimus
2530 3710 2534 3727 ⁹

511 3803 559 3842 et
597 3795 762 3845 etiam
795 3795 1480 3861 deputamuszdistrictius
1511 3796 1819 3847 inhibentes
1851 3796 2060 3846 dilectis
2097 3794 2282 3846 filiis...
2316 3789 2495 3856 magis·
2531 3795 2532 3798 ’
