2540 4354
473 380 568 432 166
774 384 793 400 ⁸
861 393 1150 427 nuLLAuzn
1193 393 1269 426 DE
1310 374 1727 435 L’momsrnon
1771 391 2094 437 FRANQAISE

471 515 612 565 rium
644 514 974 580 sapientum,
1007 521 1069 560 tu
1115 520 1169 559 et
1215 509 1393 560 dictus
1438 508 1815 559 locumtenens
1863 508 2097 558 eundem
2137 508 2472 563 Bernardum

470 598 525 649 in
554 608 651 647 tua
690 593 988 663 episcopali
1028 593 1190 644 domo
1228 591 1462 643 detineri
1502 592 1704 643 fecistis
1750 611 1817 642 ne
1862 603 2045 658 posset
2090 594 2154 643 de
2202 592 2313 644 eius
2350 595 2474 662 fuga

474 683 775 751 periculum
823 679 1126 742 imminere,
1179 689 1233 727 et
1284 689 1417 728 tunc
1467 678 1556 728 illa
1609 677 1712 739 die,
1763 679 1930 727 semel
1981 679 2258 729 duntaxat
2300 679 2473 731 dictus

471 767 780 818 Bernardus
826 764 882 815 in
928 762 1146 829 publico
1195 762 1401 827 palatio
1447 772 1545 811 tuo
1593 761 1886 827 episcopali
1933 761 2148 827 publice
2208 773 2262 812 et
2310 765 2480 815 mani-

474 852 614 902 feste
641 849 797 900 vobis
842 859 897 898 et
942 847 1187 914 pluribus
1239 845 1355 896 aliis
1409 845 1577 896 etiam
1623 846 1689 895 de
1733 845 1938 896 familia
1988 855 2084 896 tua
2136 847 2473 911 presentibus

471 946 529 986 et
559 932 973 985 comedentibus
1001 931 1057 981 in
1086 949 1271 981 mensa
1300 940 1397 981 tua
1428 930 1681 981 comedit.
1715 928 1911 979 Adhuc
1939 930 2084 979 enim
2112 949 2220 980 non
2264 943 2472 984 consta·

472 1019 570 1068 bat
610 1037 677 1067 ex
716 1035 997 1083 processus
1038 1013 1446 1064 examinatione
1485 1012 1717 1078 predicti
1750 1031 1848 1063 nec
1899 1031 1965 1062 ex
2020 1011 2296 1064 dictarum
2349 1034 2476 1066 con-

472 1100 768 1153 fessionum
797 1099 1107 1160 collatione,
1142 1118 1265 1148 cum
1306 1100 1552 1148 nondum
1590 1097 1853 1149 fecissetis
1888 1100 2136 1160 eandem,
2171 1118 2267 1149 nec
2311 1102 2472 1154 etiam

472 1186 752 1253 inquisitio
784 1196 916 1235 tunc
947 1185 1219 1249 completa
1250 1194 1408 1246 esset,
1439 1183 1581 1233 sicut
1609 1202 1706 1234 nec
1736 1184 1916 1234 adhuc
1946 1183 2150 1245 existit,
2183 1201 2250 1233 an
2294 1186 2467 1238 dictus

472 1271 780 1322 Bernardus
801 1280 940 1320 esset
959 1270 1143 1319 fautor
1162 1268 1525 1318 hereticorum
1544 1278 1643 1319 aut
1661 1268 1929 1318 hereticus
1950 1269 2473 1336 excommunicatus,

472 1357 600 1406 licet
653 1365 938 1420 suspectus
992 1371 1154 1419 super
1186 1350 1284 1402 hiis
1331 1353 1641 1403 haberetur.
1694 1352 1901 1403 Deinde
1934 1372 2062 1404 vero
2098 1364 2222 1420 post
2266 1355 2472 1421 aliquot

473 1441 586 1491 dies
618 1440 684 1489 de
717 1439 982 1490 mandato
1015 1448 1197 1488 vestro
1230 1437 1409 1487 dictus
1440 1438 1749 1487 Bernardus
1797 1438 1890 1504 qui
1936 1439 2082 1504 prius
2128 1439 2183 1488 in
2235 1441 2470 1505 quadam

471 1527 703 1576 honesta
745 1542 958 1574 camera
997 1522 1350 1572 detinebatur
1388 1522 1625 1572 inclusus
1646 1522 1752 1572 fuit
1772 1522 2025 1573 carcerali
2045 1523 2290 1573 custodie
2309 1532 2499 1590 usque

434 1611 436 1613 ’
473 1611 542 1660 ad
573 1607 948 1659 remissionem
995 1609 1060 1658 de
1104 1625 1164 1656 eo
1211 1607 1567 1672 postmodum
1611 1607 1680 1657 ad
1725 1626 1820 1657 nos
1866 1608 2073 1660 factam
2117 1609 2372 1659 detentus
2419 1620 2470 1659 et

476 1695 645 1745 etiam
682 1693 1047 1759 mancipatus.
1087 1692 1265 1755 Quare
1299 1702 1362 1740 tu
1397 1691 1552 1741 nobis
1589 1692 1868 1741 humiliter
1902 1692 2224 1758 supplicasti
2257 1703 2318 1743 ut
2349 1712 2468 1744 curn

480 1779 661 1829 dictus
695 1778 1003 1828 Bernardus
1040 1777 1108 1827 ad
1145 1776 1416 1842 palatium
1465 1786 1520 1825 et
1569 1794 1812 1826 mensam
1863 1777 2107 1842 predicta
2156 1796 2264 1828 non
2312 1777 2471 1829 fuerit

479 1882 572 1928 per
620 1881 717 1914 vos
765 1862 821 1913 in
869 1862 1038 1928 ipsius
1088 1862 1336 1911 favorem
1385 1860 1672 1923 admiSSUS,
1717 1879 1814 1910 nec
1864 1861 2002 1912 circa
2067 1861 2473 1928 inquisitionem

481 1945 797 1998 huiusmodi
837 1946 1002 1996 fuerit
1044 1945 1249 2011 aliquid
1294 1946 1358 1994 de
1417 1945 1861 2010 contingentibus
1921 1946 2348 2012 pretermissum,
2391 1966 2473 1997 *ne

478 2042 666 2082 tamen
723 2041 983 2098 pretextu
1040 2029 1384 2081 admissionis
1444 2028 1758 2080 huiusmodi
1816 2041 2005 2081 contra
2062 2041 2117 2080 te
2173 2029 2343 2095 possit
2401 2030 2463 2081 de

475 2114 623 2166 facto
674 2113 882 2180 aliquid
927 2113 1156 2180 impingi
1208 2131 1302 2178 per
1345 2113 1553 2164 emulos
1611 2112 1975 2180 malignantes
2031 2116 2314 2182 providere
2374 2115 2470 2167 tibi

477 2220 639 2267 super
692 2202 792 2251 hoc
846 2202 911 2250 de
965 2210 1236 2265 oportuno
1290 2199 1528 2249 remedio
1582 2210 1811 2265 paterna
1881 2200 2163 2265 diligentia
2231 2201 2469 2266 dignare-

479 2304 615 2336 mur.
661 2285 812 2335 Licet
851 2285 1018 2350 igitur
1059 2294 1251 2350 pateat
1291 2302 1358 2334 ex
1399 2283 1656 2349 predictis
1700 2285 1846 2350 quod
1888 2286 2068 2334 nullus
2110 2285 2266 2335 favor
2306 2285 2475 2336 eidem

475 2371 753 2420 Bernardo
777 2369 832 2420 in
856 2369 1029 2419 heresi
1047 2369 1132 2418 vel
1151 2368 1292 2418 sicut
1311 2368 1547 2418 heretico
1569 2387 1662 2434 per
1683 2368 1927 2434 predicta
1947 2369 2167 2419 videtur
2185 2370 2474 2436 impensus,

476 2465 531 2504 ct
572 2456 640 2504 ob
680 2455 781 2504 hoc
820 2473 929 2503 non
968 2453 1202 2504 videaris
1243 2471 1404 2518 super
1444 2453 1544 2502 hoc
1583 2453 1766 2518 aliquo
1806 2454 2045 2504 remedio
2084 2453 2339 2520 indigere,
2379 2471 2472 2505 nos

477 2550 664 2613 tamen
697 2549 759 2588 ut
793 2549 982 2589 contra
1017 2549 1072 2588 te
1104 2556 1266 2604 super
1299 2538 1399 2587 hoc
1431 2537 1852 2603 obloquentium
1886 2555 1976 2590 ora
2026 2539 2369 2601 claudantur,
2421 2549 2472 2588 te

483 2625 550 2674 ab
570 2623 718 2674 omni
742 2633 899 2674 reatu
927 2621 1072 2688 quod
1101 2641 1167 2672 ex
1194 2621 1451 2688 predictis
1499 2622 1770 2672 incurrere
1798 2622 2066 2688 potuisses
2087 2624 2151 2673 de
2185 2623 2475 2689 apostolice

477 2707 771 2774 potestatis
808 2707 1150 2774 plenitudine
1186 2708 1255 2757 ad
1291 2705 1566 2756 cautelam
1606 2707 1960 2770 absolvimus,
1998 2718 2292 2774 tecumque
2315 2723 2469 2773 supra

478 2792 579 2843 hiis
607 2792 777 2843 etiam
805 2792 1202 2858 dispensamus⁶
1236 2791 1383 2841 Nulli
1410 2809 1552 2856 erg0‚
1575 2801 1696 2852 etc.,
1719 2802 1902 2842 nostre
1924 2792 2283 2861 absolutionis
2316 2803 2370 2842 et
2400 2791 2473 2842 di-

476 2876 841 2943 spensationis
879 2876 1189 2942 infringere,
1231 2886 1333 2926 etc.
1375 2904 1444 2910 —
1485 2876 1692 2926 Datum
1733 2875 2007 2937 Avinioni,
2051 2897 2181 2927 xl111
2222 2876 2473 2928 kalendas

477 2961 676 3023 martii,
711 2980 854 3011 anno
890 2960 1316 3026 quintodecimO.

532 3115 572 3155 1.
606 3113 692 3156 Gui
722 3115 777 3156 de
806 3109 1020 3166 Terrena;
1052 3113 1149 3156 voir
1177 3128 1220 3155 n.
1252 3114 1334 3155 125
1369 3113 1448 3167 bis,
1479 3122 1584 3156 note
1613 3115 1653 3157 1.

534 3186 573 3226 2.
609 3184 818 3237 Francois
840 3184 943 3226 Sala
966 3190 1035 3226 est
1055 3199 1113 3226 au
1134 3185 1320 3226 nombre
1343 3186 1419 3226 des
1442 3185 1674 3227 etudiants
1696 3185 1756 3227 du
1779 3193 1974 3227 convent
1996 3186 2072 3228 des
2093 3186 2228 3228 freres
2249 3185 2476 3240 precheurs

475 3256 531 3296 de
556 3255 805 3308 Maiorque,
831 3254 1113 3297 mentionnes
1139 3270 1222 3310 par
1246 3256 1307 3298 les
1335 3263 1456 3297 actes
1483 3257 1544 3297 du
1571 3256 1774 3311 chapitre
1798 3257 1854 3297 de
1878 3257 1921 3298 la
1961 3257 2173 3320 province
2214 3257 2476 3311 d’Espagne,

476 3332 587 3367 tenu
621 3327 647 3366 a
679 3325 925 3366 Barcelone
959 3340 1014 3367 en
1046 3326 1173 3368 1299.
1210 3326 1395 3379 Douais,
1428 3326 1540 3368 Acta
1555 3327 1845 3381 capitulorum
1864 3327 2202 3381 provincialium
2234 3329 2323 3369 ord.
2358 3338 2476 3381 prae-

475 3396 573 3444 dic„
614 3396 848 3448 Toulouse,
875 3396 1002 3449 1892,
1039 3411 1081 3450 p.
1121 3397 1217 3439 646.

532 3469 573 3507 3.
608 3466 850 3519 Raymond
885 3467 992 3518 Dur,
1028 3467 1104 3520 qui
1136 3468 1250 3510 etait
1279 3467 1549 3523 inquisiteur
1579 3469 1641 3510 du
1671 3483 1888 3523 royaume
1921 3470 1975 3511 dc
2007 3469 2240 3522 Majorque
2271 3483 2324 3510 en
2354 3466 2474 3518 1333,

476 3551 534 3577 ou
557 3536 661 3577 bien
688 3536 734 3577 P.
761 3536 983 3590 Firmatii,
1010 3537 1086 3590 qui
1109 3537 1169 3578 l'a
1194 3539 1264 3580 ete
1289 3541 1416 3592 apres
1441 3539 1567 3580 1329.
1593 3539 1700 3580 Voir
1724 3554 1766 3580 n.
1793 3541 1863 3592 96,
1890 3546 1994 3581 note
2019 3541 2057 3580 2.

531 3608 571 3646 4.
606 3606 769 3660 Jayme
796 3606 862 3654 113
891 3606 945 3648 cf.
973 3621 1016 3646 11.
1045 3608 1114 3660 99,
1141 3616 1245 3649 note
1271 3609 1310 3649 1.

534 3678 573 3717 5.
608 3676 735 3716 Cette
773 3678 965 3729 enquete
1001 3678 1246 3719 remontait
1282 3679 1308 3719 a
1344 3678 1561 3732 plusieurs
1598 3680 1776 3721 annees.
1816 3680 1877 3720 Le
1913 3695 2043 3734 pape,
2081 3679 2269 3720 informe
2288 3679 2347 3719 du
2382 3675 2474 3727 fait,

477 3747 637 3787 voulut
655 3745 780 3786 avoir
797 3747 1177 3790 communication
1196 3749 1272 3790 des
1291 3749 1479 3791 dossiers
1500 3756 1545 3791 et
1563 3764 1622 3791 on
1638 3750 1700 3790 les
1718 3749 1780 3790 lui
1799 3751 1943 3791 remit.
1965 3750 2076 3791 Mais
2094 3750 2123 3790 il
2144 3763 2197 3790 ne
2216 3763 2261 3790 se
2294 3745 2475 3802 pressait

478 3830 558 3870 pas
582 3817 685 3858 d'en
709 3816 828 3859 faire
850 3818 1075 3860 l’examen
1098 3825 1144 3859 et
1166 3819 1222 3860 de
1245 3825 1429 3876 statuar>
1440 3833 1516 3862 sur
1538 3820 1578 3873 le
1601 3827 1695 3862 sort
1718 3821 1773 3863 de
1795 3820 2018 3876 l’inculpe.
2042 3820 2249 3862 Pendant
2267 3831 2315 3860 ce
2335 3825 2452 3871 temp
