<?xml version="1.0" encoding="UTF-8"?>
<!DOCTYPE html PUBLIC "-//W3C//DTD XHTML 1.0 Transitional//EN"
    "http://www.w3.org/TR/xhtml1/DTD/xhtml1-transitional.dtd">
<html xmlns="http://www.w3.org/1999/xhtml" xml:lang="en" lang="en">
 <head>
  <title>
</title>
<meta http-equiv="Content-Type" content="text/html;charset=utf-8" />
  <meta name='ocr-system' content='tesseract 3.04.00' />
  <meta name='ocr-capabilities' content='ocr_page ocr_carea ocr_par ocr_line ocrx_word'/>
</head>
<body>
  <div class='ocr_page' id='page_1' title='image "./bullairedelinqui00cathuoft/bullairedelinqui00cathuoft_0472.png"; bbox 0 0 2540 4354; ppageno 0'>
   <div class='ocr_carea' id='block_1_1' title="bbox 469 362 2086 433">
    <p class='ocr_par' dir='ltr' id='par_1_1' title="bbox 469 362 2086 433">
     <span class='ocr_line' id='line_1_1' title="bbox 469 362 2086 433; baseline 0.004 -19"><span class='ocrx_word' id='word_1_1' title='bbox 469 362 570 414; x_wconf 88' lang='lat'><strong><em>378</em></strong></span> <span class='ocrx_word' id='word_1_2' title='bbox 857 383 1145 416; x_wconf 56' lang='lat' dir='ltr'><strong><em>Burrum!</em></strong></span> <span class='ocrx_word' id='word_1_3' title='bbox 1189 383 1265 416; x_wconf 82' lang='lat' dir='ltr'><strong><em>DE</em></strong></span> <span class='ocrx_word' id='word_1_4' title='bbox 1307 364 1725 427; x_wconf 67' lang='lat' dir='ltr'><strong><em>L’momsrnom</em></strong></span> <span class='ocrx_word' id='word_1_5' title='bbox 1770 388 2086 433; x_wconf 64' lang='lat' dir='ltr'><strong>FRANQAISE</strong></span> 
     </span>
    </p>
   </div>
   <div class='ocr_carea' id='block_1_2' title="bbox 462 681 2472 1566">
    <p class='ocr_par' dir='ltr' id='par_1_2' title="bbox 2339 681 2360 705">
     <span class='ocr_line' id='line_1_2' title="bbox 2339 681 2360 705; baseline 0 0"><span class='ocrx_word' id='word_1_6' title='bbox 2339 681 2360 705; x_wconf 69' lang='grc' dir='ltr'><em>Ο</em></span> 
     </span>
    </p>

    <p class='ocr_par' dir='ltr' id='par_1_3' title="bbox 462 736 2472 1566">
     <span class='ocr_line' id='line_1_3' title="bbox 541 736 2471 807; baseline 0.004 -22"><span class='ocrx_word' id='word_1_7' title='bbox 541 736 914 802; x_wconf 71' lang='lat' dir='ltr'><strong><em>L’archeveque</em></strong></span> <span class='ocrx_word' id='word_1_8' title='bbox 950 737 1249 788; x_wconf 85' lang='lat' dir='ltr'><strong><em>d’Embrun</em></strong></span> <span class='ocrx_word' id='word_1_9' title='bbox 1285 740 1538 790; x_wconf 87' lang='lat' dir='ltr'><strong><em>demande</em></strong></span> <span class='ocrx_word' id='word_1_10' title='bbox 1574 759 1645 791; x_wconf 79' lang='lat' dir='ltr'><strong><em>au</em></strong></span> <span class='ocrx_word' id='word_1_11' title='bbox 1682 759 1819 807; x_wconf 82' lang='lat' dir='ltr'><strong><em>pape</em></strong></span> <span class='ocrx_word' id='word_1_12' title='bbox 1855 743 1915 791; x_wconf 85' lang='lat' dir='ltr'><strong><em>de</em></strong></span> <span class='ocrx_word' id='word_1_13' title='bbox 1951 742 2191 807; x_wconf 80' lang='lat' dir='ltr'><strong><em>designer</em></strong></span> <span class='ocrx_word' id='word_1_14' title='bbox 2230 762 2302 792; x_wconf 81' lang='lat' dir='ltr'><strong><em>un</em></strong></span> <span class='ocrx_word' id='word_1_15' title='bbox 2339 761 2471 792; x_wconf 88' lang='lat' dir='ltr'><strong><em>com-</em></strong></span> 
     </span>
     <span class='ocr_line' id='line_1_4' title="bbox 468 819 2469 890; baseline 0.004 -22"><span class='ocrx_word' id='word_1_16' title='bbox 468 819 710 870; x_wconf 81' lang='lat' dir='ltr'><strong><em>missaire</em></strong></span> <span class='ocrx_word' id='word_1_17' title='bbox 740 821 1064 888; x_wconf 76' lang='lat' dir='ltr'><em>apostolique</em></span> <span class='ocrx_word' id='word_1_18' title='bbox 1094 822 1185 887; x_wconf 79' lang='lat' dir='ltr'><strong><em>qui</em></strong></span> <span class='ocrx_word' id='word_1_19' title='bbox 1216 842 1332 872; x_wconf 78' lang='lat' dir='ltr'><strong><em>sera</em></strong></span> <span class='ocrx_word' id='word_1_20' title='bbox 1362 824 1547 888; x_wconf 78' lang='lat' dir='ltr'><strong><em>charge</em></strong></span> <span class='ocrx_word' id='word_1_21' title='bbox 1577 824 1873 890; x_wconf 79' lang='lat' dir='ltr'><strong><em>d’assigner</em></strong></span> <span class='ocrx_word' id='word_1_22' title='bbox 1892 845 1998 875; x_wconf 76' lang='lat' dir='ltr'><strong><em>aux</em></strong></span> <span class='ocrx_word' id='word_1_23' title='bbox 2015 830 2159 876; x_wconf 77' lang='lat' dir='ltr'><strong><em>cures</em></strong></span> <span class='ocrx_word' id='word_1_24' title='bbox 2190 838 2235 876; x_wconf 78' lang='lat' dir='ltr'><strong><em>et</em></strong></span> <span class='ocrx_word' id='word_1_25' title='bbox 2252 837 2469 876; x_wconf 77' lang='lat' dir='ltr'><strong><em>recteurs</em></strong></span> 
     </span>
     <span class='ocr_line' id='line_1_5' title="bbox 462 903 2472 974; baseline 0.004 -22"><span class='ocrx_word' id='word_1_26' title='bbox 462 903 522 952; x_wconf 83' lang='lat' dir='ltr'><strong><em>de</em></strong></span> <span class='ocrx_word' id='word_1_27' title='bbox 552 904 605 952; x_wconf 89' lang='lat' dir='ltr'><strong><em>la</em></strong></span> <span class='ocrx_word' id='word_1_28' title='bbox 642 904 865 969; x_wconf 79' lang='lat' dir='ltr'><strong><em>Valpute</em></strong></span> <span class='ocrx_word' id='word_1_29' title='bbox 897 924 998 955; x_wconf 79' lang='lat' dir='ltr'><strong><em>une</em></strong></span> <span class='ocrx_word' id='word_1_30' title='bbox 1027 906 1196 971; x_wconf 76' lang='lat' dir='ltr'><strong><em>partie</em></strong></span> <span class='ocrx_word' id='word_1_31' title='bbox 1226 908 1312 956; x_wconf 81' lang='lat' dir='ltr'><strong><em>des</em></strong></span> <span class='ocrx_word' id='word_1_32' title='bbox 1343 908 1507 962; x_wconf 68' lang='lat' dir='ltr'><strong><em>dimes</em></strong></span> <span class='ocrx_word' id='word_1_33' title='bbox 1537 909 1596 958; x_wconf 85' lang='lat' dir='ltr'><strong><em>de</em></strong></span> <span class='ocrx_word' id='word_1_34' title='bbox 1627 910 1763 958; x_wconf 78' lang='lat' dir='ltr'><strong><em>leurs</em></strong></span> <span class='ocrx_word' id='word_1_35' title='bbox 1807 910 2085 974; x_wconf 75' lang='lat' dir='ltr'><strong><em>paroisse-s,</em></strong></span> <span class='ocrx_word' id='word_1_36' title='bbox 2119 912 2472 962; x_wconf 78' lang='lat' dir='ltr'><strong><em>actnellement</em></strong></span> 
     </span>
     <span class='ocr_line' id='line_1_6' title="bbox 465 990 2472 1060; baseline 0.004 -24"><span class='ocrx_word' id='word_1_37' title='bbox 465 1005 676 1052; x_wconf 69' lang='lat' dir='ltr'><strong><em>percae-s</em></strong></span> <span class='ocrx_word' id='word_1_38' title='bbox 717 1007 815 1053; x_wconf 85' lang='lat' dir='ltr'><strong><em>par</em></strong></span> <span class='ocrx_word' id='word_1_39' title='bbox 854 990 940 1039; x_wconf 76' lang='lat' dir='ltr'><strong><em>des</em></strong></span> <span class='ocrx_word' id='word_1_40' title='bbox 980 991 1321 1041; x_wconf 69' lang='lat' dir='ltr'><strong><em>decimalem-s</em></strong></span> <span class='ocrx_word' id='word_1_41' title='bbox 1361 996 1639 1057; x_wconf 74' lang='lat' dir='ltr'><strong><em>e&#39;trangerS.</em></strong></span> <span class='ocrx_word' id='word_1_42' title='bbox 1699 996 1807 1044; x_wconf 87' lang='lat' dir='ltr'><strong><em>Par</em></strong></span> <span class='ocrx_word' id='word_1_43' title='bbox 1847 1014 1897 1044; x_wconf 88' lang='lat' dir='ltr'><strong><em>ce</em></strong></span> <span class='ocrx_word' id='word_1_44' title='bbox 1919 1014 2115 1060; x_wconf 80' lang='lat' dir='ltr'><strong><em>moyen,</em></strong></span> <span class='ocrx_word' id='word_1_45' title='bbox 2171 1014 2238 1044; x_wconf 93' lang='lat' dir='ltr'><strong><em>on</em></strong></span> <span class='ocrx_word' id='word_1_46' title='bbox 2278 1014 2472 1060; x_wconf 82' lang='lat' dir='ltr'><strong><em>pourra</em></strong></span> 
     </span>
     <span class='ocr_line' id='line_1_7' title="bbox 468 1075 2470 1145; baseline 0.004 -24"><span class='ocrx_word' id='word_1_47' title='bbox 468 1083 638 1122; x_wconf 78' lang='lat' dir='ltr'><strong><em>mettre</em></strong></span> <span class='ocrx_word' id='word_1_48' title='bbox 667 1076 700 1122; x_wconf 83' lang='grc' dir='ltr'><em>ἀ</em></span> <span class='ocrx_word' id='word_1_49' title='bbox 730 1075 783 1123; x_wconf 88' lang='lat' dir='ltr'><strong><em>la</em></strong></span> <span class='ocrx_word' id='word_1_50' title='bbox 812 1078 903 1124; x_wconf 64' lang='lat' dir='ltr'><strong><em>tete</em></strong></span> <span class='ocrx_word' id='word_1_51' title='bbox 933 1076 1020 1125; x_wconf 79' lang='lat' dir='ltr'><strong><em>des</em></strong></span> <span class='ocrx_word' id='word_1_52' title='bbox 1051 1076 1236 1140; x_wconf 68' lang='lat' dir='ltr'><strong><em>eglise-s·</em></strong></span> <span class='ocrx_word' id='word_1_53' title='bbox 1267 1077 1327 1126; x_wconf 87' lang='lat' dir='ltr'><strong><em>de</em></strong></span> <span class='ocrx_word' id='word_1_54' title='bbox 1359 1088 1478 1127; x_wconf 80' lang='lat' dir='ltr'><strong><em>cette</em></strong></span> <span class='ocrx_word' id='word_1_55' title='bbox 1509 1082 1706 1128; x_wconf 83' lang='lat' dir='ltr'><strong><em>contre&#39;e</em></strong></span> <span class='ocrx_word' id='word_1_56' title='bbox 1736 1080 1822 1128; x_wconf 81' lang='lat' dir='ltr'><strong><em>des</em></strong></span> <span class='ocrx_word' id='word_1_57' title='bbox 1854 1080 2082 1130; x_wconf 76' lang='lat' dir='ltr'><strong><em>hommes</em></strong></span> <span class='ocrx_word' id='word_1_58' title='bbox 2112 1081 2354 1145; x_wconf 84' lang='lat' dir='ltr'><strong><em>capables</em></strong></span> <span class='ocrx_word' id='word_1_59' title='bbox 2384 1079 2470 1145; x_wconf 79' lang='lat' dir='ltr'><strong><em>d’y</em></strong></span> 
     </span>
     <span class='ocr_line' id='line_1_8' title="bbox 465 1157 2467 1229; baseline 0.004 -24"><span class='ocrx_word' id='word_1_60' title='bbox 465 1157 740 1207; x_wconf 74' lang='lat' dir='ltr'><strong><em>combattre</em></strong></span> <span class='ocrx_word' id='word_1_61' title='bbox 777 1158 1026 1222; x_wconf 80' lang='lat' dir='ltr'><strong><em>l’he&#39;re&#39;sie,</em></strong></span> <span class='ocrx_word' id='word_1_62' title='bbox 1065 1160 1155 1226; x_wconf 79' lang='lat' dir='ltr'><strong><em>qui</em></strong></span> <span class='ocrx_word' id='word_1_63' title='bbox 1191 1161 1406 1226; x_wconf 70' lang='lat' dir='ltr'><strong><em>jusqu’d</em></strong></span> <span class='ocrx_word' id='word_1_64' title='bbox 1443 1181 1494 1212; x_wconf 88' lang='lat' dir='ltr'><strong><em>ce</em></strong></span> <span class='ocrx_word' id='word_1_65' title='bbox 1529 1162 1649 1227; x_wconf 83' lang='lat' dir='ltr'><strong><em>jour</em></strong></span> <span class='ocrx_word' id='word_1_66' title='bbox 1685 1182 1718 1211; x_wconf 85' lang='lat' dir='ltr'><em>a</em></span> <span class='ocrx_word' id='word_1_67' title='bbox 1753 1182 1828 1228; x_wconf 75' lang='lat' dir='ltr'><strong><em>pu</em></strong></span> <span class='ocrx_word' id='word_1_68' title='bbox 1864 1163 1943 1229; x_wconf 74' lang='lat' dir='ltr'><strong><em>s’y</em></strong></span> <span class='ocrx_word' id='word_1_69' title='bbox 1979 1165 2282 1229; x_wconf 67' lang='lat' dir='ltr'><strong><em>developper</em></strong></span> <span class='ocrx_word' id='word_1_70' title='bbox 2319 1163 2467 1214; x_wconf 77' lang='lat' dir='ltr'><strong><em>libre·</em></strong></span> 
     </span>
     <span class='ocr_line' id='line_1_9' title="bbox 468 1242 2468 1314; baseline 0.005 -25"><span class='ocrx_word' id='word_1_71' title='bbox 468 1251 618 1292; x_wconf 81' lang='lat' dir='ltr'><strong><em>ment.</em></strong></span> <span class='ocrx_word' id='word_1_72' title='bbox 660 1242 731 1291; x_wconf 93' lang='lat' dir='ltr'><strong><em>Le</em></strong></span> <span class='ocrx_word' id='word_1_73' title='bbox 771 1247 930 1293; x_wconf 71' lang='lat' dir='ltr'><strong><em>meme</em></strong></span> <span class='ocrx_word' id='word_1_74' title='bbox 967 1245 1133 1309; x_wconf 81' lang='lat' dir='ltr'><strong><em>pre&#39;lat</em></strong></span> <span class='ocrx_word' id='word_1_75' title='bbox 1170 1246 1423 1296; x_wconf 83' lang='lat' dir='ltr'><strong><em>demande</em></strong></span> <span class='ocrx_word' id='word_1_76' title='bbox 1460 1266 1638 1297; x_wconf 84' lang='lat' dir='ltr'><strong><em>encore</em></strong></span> <span class='ocrx_word' id='word_1_77' title='bbox 1675 1267 1770 1313; x_wconf 77' lang='lat' dir='ltr'><strong><em>que</em></strong></span> <span class='ocrx_word' id='word_1_78' title='bbox 1809 1247 1915 1298; x_wconf 87' lang='lat' dir='ltr'><strong><em>l’on</em></strong></span> <span class='ocrx_word' id='word_1_79' title='bbox 1957 1248 2091 1298; x_wconf 78' lang='lat' dir='ltr'><strong><em>brise</em></strong></span> <span class='ocrx_word' id='word_1_80' title='bbox 2129 1247 2468 1314; x_wconf 79' lang='lat' dir='ltr'><strong><em>l’opposition</em></strong></span> 
     </span>
     <span class='ocr_line' id='line_1_10' title="bbox 466 1325 2462 1398; baseline 0.005 -24"><span class='ocrx_word' id='word_1_81' title='bbox 466 1325 526 1374; x_wconf 86' lang='lat' dir='ltr'><strong><em>de</em></strong></span> <span class='ocrx_word' id='word_1_82' title='bbox 592 1326 816 1376; x_wconf 80' lang='lat' dir='ltr'><strong><em>certains</em></strong></span> <span class='ocrx_word' id='word_1_83' title='bbox 873 1329 1047 1378; x_wconf 82' lang='lat' dir='ltr'><strong><em>nobles</em></strong></span> <span class='ocrx_word' id='word_1_84' title='bbox 1114 1330 1204 1395; x_wconf 75' lang='lat' dir='ltr'><strong><em>qai</em></strong></span> <span class='ocrx_word' id='word_1_85' title='bbox 1273 1342 1538 1381; x_wconf 81' lang='lat' dir='ltr'><strong><em>entrcwent</em></strong></span> <span class='ocrx_word' id='word_1_86' title='bbox 1592 1331 1979 1398; x_wconf 73' lang='lat' dir='ltr'><strong><em>l’Inquisition,</em></strong></span> <span class='ocrx_word' id='word_1_87' title='bbox 2051 1344 2094 1383; x_wconf 79' lang='lat' dir='ltr'><strong><em>et</em></strong></span> <span class='ocrx_word' id='word_1_88' title='bbox 2161 1332 2319 1398; x_wconf 76' lang='lat' dir='ltr'><strong><em>qu’on</em></strong></span> <span class='ocrx_word' id='word_1_89' title='bbox 2385 1332 2462 1382; x_wconf 77' lang='lat' dir='ltr'><strong><em>lui</em></strong></span> 
     </span>
     <span class='ocr_line' id='line_1_11' title="bbox 464 1411 2468 1482; baseline 0.004 -24"><span class='ocrx_word' id='word_1_90' title='bbox 464 1411 672 1460; x_wconf 83' lang='lat' dir='ltr'><strong><em>accorde</em></strong></span> <span class='ocrx_word' id='word_1_91' title='bbox 706 1411 758 1460; x_wconf 85' lang='lat' dir='ltr'><strong><em>la</em></strong></span> <span class='ocrx_word' id='word_1_92' title='bbox 789 1411 980 1476; x_wconf 76' lang='lat' dir='ltr'><strong><em>saculte</em></strong></span> <span class='ocrx_word' id='word_1_93' title='bbox 1012 1413 1285 1479; x_wconf 75' lang='lat' dir='ltr'><strong><em>d’envoyer</em></strong></span> <span class='ocrx_word' id='word_1_94' title='bbox 1318 1415 1452 1464; x_wconf 81' lang='lat' dir='ltr'><strong><em>dans</em></strong></span> <span class='ocrx_word' id='word_1_95' title='bbox 1486 1435 1564 1465; x_wconf 76' lang='lat' dir='ltr'><strong><em>ces</em></strong></span> <span class='ocrx_word' id='word_1_96' title='bbox 1602 1420 1786 1466; x_wconf 74' lang='lat' dir='ltr'><strong><em>memes</em></strong></span> <span class='ocrx_word' id='word_1_97' title='bbox 1821 1421 2043 1467; x_wconf 78' lang='lat' dir='ltr'><strong><em>contrees</em></strong></span> <span class='ocrx_word' id='word_1_98' title='bbox 2077 1428 2254 1482; x_wconf 80' lang='lat' dir='ltr'><strong><em>quatre</em></strong></span> <span class='ocrx_word' id='word_1_99' title='bbox 2275 1416 2468 1467; x_wconf 74' lang='lat' dir='ltr'><strong><em>moine-s·</em></strong></span> 
     </span>
     <span class='ocr_line' id='line_1_12' title="bbox 467 1494 2403 1566; baseline 0.006 -24"><span class='ocrx_word' id='word_1_100' title='bbox 467 1494 778 1557; x_wconf 73' lang='lat' dir='ltr'><strong><em>rnendiantS,</em></strong></span> <span class='ocrx_word' id='word_1_101' title='bbox 814 1514 932 1546; x_wconf 66' lang='lat' dir='ltr'><strong><em>avec</em></strong></span> <span class='ocrx_word' id='word_1_102' title='bbox 966 1497 1188 1548; x_wconf 77' lang='lat' dir='ltr'><strong><em>mission</em></strong></span> <span class='ocrx_word' id='word_1_103' title='bbox 1220 1499 1279 1548; x_wconf 89' lang='lat' dir='ltr'><strong><em>de</em></strong></span> <span class='ocrx_word' id='word_1_104' title='bbox 1310 1501 1534 1564; x_wconf 66' lang='lat' dir='ltr'><strong><em>precher.</em></strong></span> <span class='ocrx_word' id='word_1_105' title='bbox 1570 1529 1638 1535; x_wconf 88' lang='lat'>—</span> <span class='ocrx_word' id='word_1_106' title='bbox 1684 1501 1953 1566; x_wconf 89' lang='lat' dir='ltr'><strong><em>Avignon,</em></strong></span> <span class='ocrx_word' id='word_1_107' title='bbox 1989 1502 2018 1551; x_wconf 89' lang='lat'><strong>3</strong></span> <span class='ocrx_word' id='word_1_108' title='bbox 2065 1504 2198 1552; x_wconf 74' lang='lat' dir='ltr'><strong><em>aout</em></strong></span> <span class='ocrx_word' id='word_1_109' title='bbox 2247 1501 2403 1553; x_wconf 86' lang='lat'><strong>1366..</strong></span> 
     </span>
    </p>
   </div>
   <div class='ocr_carea' id='block_1_3' title="bbox 810 1631 2286 1689">
    <p class='ocr_par' dir='ltr' id='par_1_4' title="bbox 810 1631 2286 1689">
     <span class='ocr_line' id='line_1_13' title="bbox 810 1631 2286 1689; baseline 0.002 -16"><span class='ocrx_word' id='word_1_110' title='bbox 810 1631 915 1684; x_wconf 85' lang='lat' dir='ltr'><strong><em>Reg.</em></strong></span> <span class='ocrx_word' id='word_1_111' title='bbox 943 1633 1160 1687; x_wconf 64' lang='lat' dir='ltr'><strong><em>Sappho„</em></strong></span> <span class='ocrx_word' id='word_1_112' title='bbox 1187 1641 1220 1675; x_wconf 86' lang='lat' dir='ltr'><strong><em>t.</em></strong></span> <span class='ocrx_word' id='word_1_113' title='bbox 1248 1648 1365 1674; x_wconf 83' lang='lat' dir='ltr'>xL111</span> <span class='ocrx_word' id='word_1_114' title='bbox 1396 1633 1521 1687; x_wconf 86' lang='lat' dir='ltr'><strong><em>(Urb.</em></strong></span> <span class='ocrx_word' id='word_1_115' title='bbox 1549 1635 1602 1687; x_wconf 84' lang='lat' dir='ltr'><strong><em>V,</em></strong></span> <span class='ocrx_word' id='word_1_116' title='bbox 1629 1650 1700 1676; x_wconf 87' lang='lat' dir='ltr'><strong><em>an.</em></strong></span> <span class='ocrx_word' id='word_1_117' title='bbox 1732 1636 1807 1687; x_wconf 88' lang='lat' dir='ltr'><strong><em>IV,</em></strong></span> <span class='ocrx_word' id='word_1_118' title='bbox 1834 1643 1950 1689; x_wconf 85' lang='lat' dir='ltr'><strong><em>part.</em></strong></span> <span class='ocrx_word' id='word_1_119' title='bbox 1980 1635 2062 1688; x_wconf 84' lang='lat' dir='ltr'><strong><em>II),</em></strong></span> <span class='ocrx_word' id='word_1_120' title='bbox 2086 1636 2162 1677; x_wconf 82' lang='lat' dir='ltr'><strong><em>fol.</em></strong></span> <span class='ocrx_word' id='word_1_121' title='bbox 2190 1637 2286 1677; x_wconf 87' lang='lat'><strong>273.</strong></span> 
     </span>
    </p>
   </div>
   <div class='ocr_carea' id='block_1_4' title="bbox 387 1753 2466 3852">
    <p class='ocr_par' dir='ltr' id='par_1_5' title="bbox 387 1753 2466 3852">
     <span class='ocr_line' id='line_1_14' title="bbox 533 1753 2466 1821; baseline 0.002 -20"><span class='ocrx_word' id='word_1_122' title='bbox 533 1753 855 1804; x_wconf 88' lang='lat' dir='ltr'><strong><em>Beatissime</em></strong></span> <span class='ocrx_word' id='word_1_123' title='bbox 903 1755 1082 1816; x_wconf 88' lang='lat' dir='ltr'><strong><em>Pater,</em></strong></span> <span class='ocrx_word' id='word_1_124' title='bbox 1129 1754 1183 1804; x_wconf 93' lang='lat' dir='ltr'><strong><em>in</em></strong></span> <span class='ocrx_word' id='word_1_125' title='bbox 1230 1755 1379 1805; x_wconf 80' lang='lat' dir='ltr'>Valle</span> <span class='ocrx_word' id='word_1_126' title='bbox 1426 1773 1528 1821; x_wconf 90' lang='lat' dir='ltr'><strong><em>que</em></strong></span> <span class='ocrx_word' id='word_1_127' title='bbox 1575 1755 1774 1807; x_wconf 88' lang='lat' dir='ltr'><strong><em>dicitur</em></strong></span> <span class='ocrx_word' id='word_1_128' title='bbox 1822 1754 2013 1817; x_wconf 78' lang='lat' dir='ltr'><strong><em>Pute1‚</em></strong></span> <span class='ocrx_word' id='word_1_129' title='bbox 2060 1755 2284 1806; x_wconf 88' lang='lat' dir='ltr'><strong><em>diocesis</em></strong></span> <span class='ocrx_word' id='word_1_130' title='bbox 2308 1755 2466 1805; x_wconf 89' lang='lat' dir='ltr'><strong><em>Ebre-</em></strong></span> 
     </span>
     <span class='ocr_line' id='line_1_15' title="bbox 463 1837 2466 1905; baseline 0.001 -19"><span class='ocrx_word' id='word_1_131' title='bbox 463 1837 683 1899; x_wconf 88' lang='lat' dir='ltr'><strong><em>dunen.,</em></strong></span> <span class='ocrx_word' id='word_1_132' title='bbox 716 1849 771 1888; x_wconf 91' lang='lat' dir='ltr'><strong><em>et</em></strong></span> <span class='ocrx_word' id='word_1_133' title='bbox 803 1838 855 1888; x_wconf 92' lang='lat' dir='ltr'><strong><em>in</em></strong></span> <span class='ocrx_word' id='word_1_134' title='bbox 917 1839 1247 1904; x_wconf 88' lang='lat' dir='ltr'><strong><em>quibusdam</em></strong></span> <span class='ocrx_word' id='word_1_135' title='bbox 1279 1840 1395 1890; x_wconf 89' lang='lat' dir='ltr'><strong><em>aliis</em></strong></span> <span class='ocrx_word' id='word_1_136' title='bbox 1428 1840 1556 1890; x_wconf 89' lang='lat' dir='ltr'><strong><em>locis</em></strong></span> <span class='ocrx_word' id='word_1_137' title='bbox 1590 1840 1987 1890; x_wconf 84' lang='lat' dir='ltr'>circumvicinis</span> <span class='ocrx_word' id='word_1_138' title='bbox 2034 1840 2326 1905; x_wconf 88' lang='lat' dir='ltr'><strong><em>viguerunt</em></strong></span> <span class='ocrx_word' id='word_1_139' title='bbox 2356 1841 2466 1889; x_wconf 94' lang='lat' dir='ltr'><strong><em>lon-</em></strong></span> 
     </span>
     <span class='ocr_line' id='line_1_16' title="bbox 465 1921 2466 1990; baseline 0.001 -20"><span class='ocrx_word' id='word_1_140' title='bbox 465 1921 540 1985; x_wconf 89' lang='lat' dir='ltr'><strong><em>gis</em></strong></span> <span class='ocrx_word' id='word_1_141' title='bbox 569 1923 909 1988; x_wconf 79' lang='lat' dir='ltr'><strong><em>temporibus</em></strong></span> <span class='ocrx_word' id='word_1_142' title='bbox 939 1924 1144 1974; x_wconf 89' lang='lat' dir='ltr'><strong><em>zizania</em></strong></span> <span class='ocrx_word' id='word_1_143' title='bbox 1175 1923 1732 1990; x_wconf 46' lang='lat' dir='ltr'><strong><em>heretice‘pravitatis</em></strong></span> <span class='ocrx_word' id='word_1_144' title='bbox 1757 1926 1794 1986; x_wconf 84' lang='lat'><strong><em>2,</em></strong></span> <span class='ocrx_word' id='word_1_145' title='bbox 1825 1936 1880 1974; x_wconf 89' lang='lat' dir='ltr'><strong><em>et</em></strong></span> <span class='ocrx_word' id='word_1_146' title='bbox 1908 1925 2035 1974; x_wconf 88' lang='lat' dir='ltr'><strong><em>licet</em></strong></span> <span class='ocrx_word' id='word_1_147' title='bbox 2064 1935 2179 1975; x_wconf 89' lang='lat' dir='ltr'><strong><em>tam</em></strong></span> <span class='ocrx_word' id='word_1_148' title='bbox 2210 1943 2301 1990; x_wconf 90' lang='lat' dir='ltr'><strong><em>per</em></strong></span> <span class='ocrx_word' id='word_1_149' title='bbox 2331 1923 2466 1973; x_wconf 88' lang='lat' dir='ltr'><strong><em>ordi-</em></strong></span> 
     </span>
     <span class='ocr_line' id='line_1_17' title="bbox 462 2007 2466 2075; baseline 0.002 -20"><span class='ocrx_word' id='word_1_150' title='bbox 462 2007 641 2056; x_wconf 85' lang='lat' dir='ltr'><strong><em>narios</em></strong></span> <span class='ocrx_word' id='word_1_151' title='bbox 699 2027 864 2073; x_wconf 90' lang='lat' dir='ltr'><strong><em>quam</em></strong></span> <span class='ocrx_word' id='word_1_152' title='bbox 923 2027 1015 2074; x_wconf 88' lang='lat' dir='ltr'><strong><em>per</em></strong></span> <span class='ocrx_word' id='word_1_153' title='bbox 1071 2009 1419 2074; x_wconf 81' lang='lat' dir='ltr'><strong><em>inquisitores</em></strong></span> <span class='ocrx_word' id='word_1_154' title='bbox 1476 2009 1808 2075; x_wconf 83' lang='lat' dir='ltr'><strong><em>aliquociens</em></strong></span> <span class='ocrx_word' id='word_1_155' title='bbox 1867 2009 2008 2060; x_wconf 87' lang='lat' dir='ltr'><strong><em>facte</em></strong></span> <span class='ocrx_word' id='word_1_156' title='bbox 2054 2009 2256 2059; x_wconf 85' lang='lat' dir='ltr'><strong><em>fuerint</em></strong></span> <span class='ocrx_word' id='word_1_157' title='bbox 2299 2027 2466 2059; x_wconf 88' lang='lat' dir='ltr'><strong><em>corre-</em></strong></span> 
     </span>
     <span class='ocr_line' id='line_1_18' title="bbox 462 2091 2464 2160; baseline 0.001 -20"><span class='ocrx_word' id='word_1_158' title='bbox 462 2091 667 2142; x_wconf 90' lang='lat' dir='ltr'><strong><em>ctiones</em></strong></span> <span class='ocrx_word' id='word_1_159' title='bbox 703 2104 758 2142; x_wconf 85' lang='lat' dir='ltr'><strong><em>et</em></strong></span> <span class='ocrx_word' id='word_1_160' title='bbox 794 2093 1103 2160; x_wconf 81' lang='lat' dir='ltr'><strong><em>punitiones</em></strong></span> <span class='ocrx_word' id='word_1_161' title='bbox 1141 2095 1379 2160; x_wconf 90' lang='lat' dir='ltr'><strong><em>plurium</em></strong></span> <span class='ocrx_word' id='word_1_162' title='bbox 1415 2095 1777 2144; x_wconf 82' lang='lat' dir='ltr'><strong><em>hereticorum</em></strong></span> <span class='ocrx_word' id='word_1_163' title='bbox 1813 2095 1865 2144; x_wconf 87' lang='lat' dir='ltr'><strong><em>in</em></strong></span> <span class='ocrx_word' id='word_1_164' title='bbox 1902 2094 2059 2145; x_wconf 86' lang='lat' dir='ltr'><strong><em>dictis</em></strong></span> <span class='ocrx_word' id='word_1_165' title='bbox 2078 2093 2206 2151; x_wconf 89' lang='lat' dir='ltr'><strong><em>locis</em></strong></span> <span class='ocrx_word' id='word_1_166' title='bbox 2227 2094 2262 2156; x_wconf 76' lang='lat'><strong><em>³,</em></strong></span> <span class='ocrx_word' id='word_1_167' title='bbox 2283 2104 2464 2144; x_wconf 89' lang='lat' dir='ltr'><strong><em>tamen</em></strong></span> 
     </span>
     <span class='ocr_line' id='line_1_19' title="bbox 462 2177 2464 2245; baseline 0.001 -20"><span class='ocrx_word' id='word_1_168' title='bbox 462 2195 571 2226; x_wconf 92' lang='lat' dir='ltr'><strong><em>non</em></strong></span> <span class='ocrx_word' id='word_1_169' title='bbox 605 2177 803 2228; x_wconf 84' lang='lat' dir='ltr'><strong><em>evulsis</em></strong></span> <span class='ocrx_word' id='word_1_170' title='bbox 836 2177 1110 2229; x_wconf 83' lang='lat' dir='ltr'><strong><em>radicibus</em></strong></span> <span class='ocrx_word' id='word_1_171' title='bbox 1144 2198 1357 2245; x_wconf 88' lang='lat' dir='ltr'><strong><em>semper</em></strong></span> <span class='ocrx_word' id='word_1_172' title='bbox 1391 2180 1663 2244; x_wconf 89' lang='lat' dir='ltr'><strong><em>pullulant</em></strong></span> <span class='ocrx_word' id='word_1_173' title='bbox 1695 2178 1969 2240; x_wconf 82' lang='lat' dir='ltr'><strong><em>rediviva3</em></strong></span> <span class='ocrx_word' id='word_1_174' title='bbox 2004 2179 2149 2244; x_wconf 88' lang='lat' dir='ltr'><strong><em>quod</em></strong></span> <span class='ocrx_word' id='word_1_175' title='bbox 2183 2197 2250 2227; x_wconf 88' lang='lat' dir='ltr'><strong><em>ex</em></strong></span> <span class='ocrx_word' id='word_1_176' title='bbox 2282 2197 2341 2227; x_wconf 91' lang='lat' dir='ltr'><strong><em>eo</em></strong></span> <span class='ocrx_word' id='word_1_177' title='bbox 2376 2197 2464 2244; x_wconf 90' lang='lat' dir='ltr'><strong><em>po-</em></strong></span> 
     </span>
     <span class='ocr_line' id='line_1_20' title="bbox 461 2250 2464 2330; baseline 0 -19"><span class='ocrx_word' id='word_1_178' title='bbox 461 2250 735 2312; x_wconf 77' lang='lat' dir='ltr'><strong><em>tissimum</em></strong></span> <span class='ocrx_word' id='word_1_179' title='bbox 785 2263 1005 2313; x_wconf 83' lang='lat' dir='ltr'><strong><em>videtur</em></strong></span> <span class='ocrx_word' id='word_1_180' title='bbox 1052 2265 1341 2329; x_wconf 90' lang='lat' dir='ltr'><strong><em>procedere</em></strong></span> <span class='ocrx_word' id='word_1_181' title='bbox 1391 2264 1517 2330; x_wconf 89' lang='lat' dir='ltr'><strong><em>quia</em></strong></span> <span class='ocrx_word' id='word_1_182' title='bbox 1567 2275 1790 2330; x_wconf 88' lang='lat' dir='ltr'><strong><em>propter</em></strong></span> <span class='ocrx_word' id='word_1_183' title='bbox 1837 2262 2464 2329; x_wconf 52' lang='lat' dir='ltr'><strong><em>locorum&#39;predictorum</em></strong></span> 
     </span>
     <span class='ocr_line' id='line_1_21' title="bbox 461 2347 2464 2414; baseline 0.002 -20"><span class='ocrx_word' id='word_1_184' title='bbox 461 2347 709 2411; x_wconf 85' lang='lat' dir='ltr'><strong><em>totaliter</em></strong></span> <span class='ocrx_word' id='word_1_185' title='bbox 755 2348 1053 2413; x_wconf 81' lang='lat' dir='ltr'><strong><em>agrestium</em></strong></span> <span class='ocrx_word' id='word_1_186' title='bbox 1101 2349 1467 2410; x_wconf 84' lang='lat' dir='ltr'><strong><em>sterilitatem,</em></strong></span> <span class='ocrx_word' id='word_1_187' title='bbox 1516 2349 2030 2399; x_wconf 86' lang='lat' dir='ltr'><strong><em>incommoditatem</em></strong></span> <span class='ocrx_word' id='word_1_188' title='bbox 2077 2359 2131 2397; x_wconf 88' lang='lat' dir='ltr'><strong><em>et</em></strong></span> <span class='ocrx_word' id='word_1_189' title='bbox 2179 2357 2464 2414; x_wconf 86' lang='lat' dir='ltr'><strong><em>pauperta-</em></strong></span> 
     </span>
     <span class='ocr_line' id='line_1_22' title="bbox 461 2431 2463 2498; baseline 0 -17"><span class='ocrx_word' id='word_1_190' title='bbox 461 2441 592 2494; x_wconf 86' lang='lat' dir='ltr'><strong><em>tem,</em></strong></span> <span class='ocrx_word' id='word_1_191' title='bbox 623 2431 758 2482; x_wconf 91' lang='lat' dir='ltr'><strong><em>nulli</em></strong></span> <span class='ocrx_word' id='word_1_192' title='bbox 786 2443 915 2482; x_wconf 91' lang='lat' dir='ltr'><strong><em>sunt</em></strong></span> <span class='ocrx_word' id='word_1_193' title='bbox 943 2434 1019 2484; x_wconf 92' lang='lat' dir='ltr'><strong><em>ibi</em></strong></span> <span class='ocrx_word' id='word_1_194' title='bbox 1046 2434 1149 2484; x_wconf 92' lang='lat' dir='ltr'><strong><em>viri</em></strong></span> <span class='ocrx_word' id='word_1_195' title='bbox 1176 2433 1410 2485; x_wconf 88' lang='lat' dir='ltr'><strong><em>litterati</em></strong></span> <span class='ocrx_word' id='word_1_196' title='bbox 1437 2453 1534 2483; x_wconf 88' lang='lat' dir='ltr'><strong><em>nec</em></strong></span> <span class='ocrx_word' id='word_1_197' title='bbox 1563 2434 1783 2485; x_wconf 91' lang='lat' dir='ltr'><strong><em>aliunde</em></strong></span> <span class='ocrx_word' id='word_1_198' title='bbox 1813 2434 2099 2494; x_wconf 84' lang='lat' dir='ltr'><strong><em>accedunt,</em></strong></span> <span class='ocrx_word' id='word_1_199' title='bbox 2130 2443 2185 2482; x_wconf 89' lang='lat' dir='ltr'><strong><em>et</em></strong></span> <span class='ocrx_word' id='word_1_200' title='bbox 2205 2449 2463 2498; x_wconf 88' lang='lat' dir='ltr'><strong><em>pauperes</em></strong></span> 
     </span>
     <span class='ocr_line' id='line_1_23' title="bbox 462 2516 2462 2584; baseline 0 -18"><span class='ocrx_word' id='word_1_201' title='bbox 462 2516 638 2567; x_wconf 90' lang='lat' dir='ltr'><strong><em>curati</em></strong></span> <span class='ocrx_word' id='word_1_202' title='bbox 695 2517 1089 2583; x_wconf 87' lang='lat' dir='ltr'><strong><em>parochialium</em></strong></span> <span class='ocrx_word' id='word_1_203' title='bbox 1146 2518 1497 2569; x_wconf 87' lang='lat' dir='ltr'><strong><em>ecclesiarum</em></strong></span> <span class='ocrx_word' id='word_1_204' title='bbox 1557 2529 1780 2584; x_wconf 86' lang='lat' dir='ltr'><strong><em>propter</em></strong></span> <span class='ocrx_word' id='word_1_205' title='bbox 1838 2518 2169 2569; x_wconf 86' lang='lat' dir='ltr'><strong><em>tenuitatem</em></strong></span> <span class='ocrx_word' id='word_1_206' title='bbox 2226 2517 2462 2583; x_wconf 87' lang='lat' dir='ltr'><strong><em>ipsarum</em></strong></span> 
     </span>
     <span class='ocr_line' id='line_1_24' title="bbox 462 2602 2461 2669; baseline -0.001 -18"><span class='ocrx_word' id='word_1_207' title='bbox 462 2612 733 2667; x_wconf 88' lang='lat' dir='ltr'><strong><em>coguntur</em></strong></span> <span class='ocrx_word' id='word_1_208' title='bbox 761 2603 943 2669; x_wconf 89' lang='lat' dir='ltr'><strong><em>potius</em></strong></span> <span class='ocrx_word' id='word_1_209' title='bbox 974 2603 1222 2654; x_wconf 86' lang='lat' dir='ltr'><strong><em>laborare</em></strong></span> <span class='ocrx_word' id='word_1_210' title='bbox 1249 2614 1306 2653; x_wconf 81' lang='lat' dir='ltr'><strong><em>et</em></strong></span> <span class='ocrx_word' id='word_1_211' title='bbox 1335 2603 1518 2653; x_wconf 88' lang='lat' dir='ltr'><strong><em>vivere</em></strong></span> <span class='ocrx_word' id='word_1_212' title='bbox 1548 2604 1613 2653; x_wconf 91' lang='lat' dir='ltr'><strong><em>de</em></strong></span> <span class='ocrx_word' id='word_1_213' title='bbox 1642 2602 1920 2653; x_wconf 87' lang='lat' dir='ltr'><strong><em>laboribus</em></strong></span> <span class='ocrx_word' id='word_1_214' title='bbox 1953 2621 2216 2652; x_wconf 87' lang='lat' dir='ltr'><strong><em>manuum</em></strong></span> <span class='ocrx_word' id='word_1_215' title='bbox 2245 2618 2461 2651; x_wconf 86' lang='lat' dir='ltr'><strong><em>suarum</em></strong></span> 
     </span>
     <span class='ocr_line' id='line_1_25' title="bbox 462 2676 2459 2751; baseline -0.001 -15"><span class='ocrx_word' id='word_1_216' title='bbox 462 2705 627 2751; x_wconf 88' lang='lat' dir='ltr'><strong><em>quam</em></strong></span> <span class='ocrx_word' id='word_1_217' title='bbox 667 2705 861 2738; x_wconf 86' lang='lat' dir='ltr'><strong><em>vacare</em></strong></span> <span class='ocrx_word' id='word_1_218' title='bbox 898 2688 967 2737; x_wconf 89' lang='lat' dir='ltr'><strong><em>ad</em></strong></span> <span class='ocrx_word' id='word_1_219' title='bbox 1007 2687 1400 2737; x_wconf 86' lang='lat' dir='ltr'><strong><em>addiscendum</em></strong></span> <span class='ocrx_word' id='word_1_220' title='bbox 1440 2689 1524 2737; x_wconf 87' lang='lat' dir='ltr'><strong><em>vel</em></strong></span> <span class='ocrx_word' id='word_1_221' title='bbox 1563 2676 1870 2737; x_wconf 89' lang='lat' dir='ltr'><strong><em>docendum</em></strong></span> <span class='ocrx_word' id='word_1_222' title='bbox 1909 2687 2203 2751; x_wconf 85' lang='lat' dir='ltr'><strong><em>scripturas</em></strong></span> <span class='ocrx_word' id='word_1_223' title='bbox 2256 2696 2310 2735; x_wconf 90' lang='lat' dir='ltr'><strong><em>et</em></strong></span> <span class='ocrx_word' id='word_1_224' title='bbox 2359 2684 2459 2735; x_wconf 81' lang='lat' dir='ltr'><strong><em>alia</em></strong></span> 
     </span>
     <span class='ocr_line' id='line_1_26' title="bbox 457 2767 2459 2842; baseline -0 -24"><span class='ocrx_word' id='word_1_225' title='bbox 457 2771 697 2842; x_wconf 83' lang='lat' dir='ltr'><strong><em>salubria</em></strong></span> <span class='ocrx_word' id='word_1_226' title='bbox 735 2781 790 2820; x_wconf 90' lang='lat' dir='ltr'><strong><em>et</em></strong></span> <span class='ocrx_word' id='word_1_227' title='bbox 826 2772 1126 2822; x_wconf 82' lang='lat' dir='ltr'><strong><em>necessaria</em></strong></span> <span class='ocrx_word' id='word_1_228' title='bbox 1166 2791 1261 2838; x_wconf 87' lang='lat' dir='ltr'><strong><em>pro</em></strong></span> <span class='ocrx_word' id='word_1_229' title='bbox 1299 2772 1408 2822; x_wconf 88' lang='lat' dir='ltr'><strong><em>suis</em></strong></span> <span class='ocrx_word' id='word_1_230' title='bbox 1448 2771 1846 2837; x_wconf 86' lang='lat' dir='ltr'><strong><em>parrochianis;</em></strong></span> <span class='ocrx_word' id='word_1_231' title='bbox 1886 2772 2179 2836; x_wconf 87' lang='lat' dir='ltr'><strong><em>dyocesani</em></strong></span> <span class='ocrx_word' id='word_1_232' title='bbox 2216 2788 2340 2819; x_wconf 85' lang='lat' dir='ltr'><strong><em>vero</em></strong></span> <span class='ocrx_word' id='word_1_233' title='bbox 2378 2767 2459 2817; x_wconf 88' lang='lat' dir='ltr'><strong><em>vel</em></strong></span> 
     </span>
     <span class='ocr_line' id='line_1_27' title="bbox 461 2854 2458 2923; baseline -0.002 -18"><span class='ocrx_word' id='word_1_234' title='bbox 461 2854 809 2921; x_wconf 90' lang='lat' dir='ltr'><strong><em>inquisitores</em></strong></span> <span class='ocrx_word' id='word_1_235' title='bbox 862 2856 915 2906; x_wconf 91' lang='lat' dir='ltr'><strong><em>in</em></strong></span> <span class='ocrx_word' id='word_1_236' title='bbox 968 2856 1206 2907; x_wconf 88' lang='lat' dir='ltr'><strong><em>transitu</em></strong></span> <span class='ocrx_word' id='word_1_237' title='bbox 1259 2856 1628 2923; x_wconf 84' lang='lat' dir='ltr'><strong><em>perfunctorio</em></strong></span> <span class='ocrx_word' id='word_1_238' title='bbox 1660 2875 1853 2922; x_wconf 90' lang='lat' dir='ltr'><strong><em>parum</em></strong></span> <span class='ocrx_word' id='word_1_239' title='bbox 1906 2866 2135 2922; x_wconf 89' lang='lat' dir='ltr'><strong><em>possunt</em></strong></span> <span class='ocrx_word' id='word_1_240' title='bbox 2187 2855 2458 2920; x_wconf 81' lang='lat' dir='ltr'><strong><em>proficere,</em></strong></span> 
     </span>
     <span class='ocr_line' id='line_1_28' title="bbox 458 2937 2460 3009; baseline -0.002 -21"><span class='ocrx_word' id='word_1_241' title='bbox 458 2950 514 2988; x_wconf 87' lang='lat' dir='ltr'><strong><em>et</em></strong></span> <span class='ocrx_word' id='word_1_242' title='bbox 571 2951 754 2991; x_wconf 88' lang='lat' dir='ltr'><strong><em>tamen</em></strong></span> <span class='ocrx_word' id='word_1_243' title='bbox 798 2941 1020 3009; x_wconf 14' lang='lat' dir='ltr'><strong><em>*diutius</em></strong></span> <span class='ocrx_word' id='word_1_244' title='bbox 1082 2941 1157 2992; x_wconf 90' lang='lat' dir='ltr'><strong><em>ibi</em></strong></span> <span class='ocrx_word' id='word_1_245' title='bbox 1209 2959 1426 2992; x_wconf 87' lang='lat' dir='ltr'><strong><em>manere</em></strong></span> <span class='ocrx_word' id='word_1_246' title='bbox 1489 2961 1597 2992; x_wconf 93' lang='lat' dir='ltr'><strong><em>non</em></strong></span> <span class='ocrx_word' id='word_1_247' title='bbox 1663 2952 1910 3008; x_wconf 78' lang='lat' dir='ltr'><strong><em>possent3</em></strong></span> <span class='ocrx_word' id='word_1_248' title='bbox 1966 2959 2199 3006; x_wconf 85' lang='lat' dir='ltr'><strong><em>cumque</em></strong></span> <span class='ocrx_word' id='word_1_249' title='bbox 2261 2937 2460 2990; x_wconf 89' lang='lat' dir='ltr'><strong><em>decime</em></strong></span> 
     </span>
     <span class='ocr_line' id='line_1_29' title="bbox 460 3024 2459 3092; baseline -0.003 -18"><span class='ocrx_word' id='word_1_250' title='bbox 460 3024 732 3075; x_wconf 85' lang='lat' dir='ltr'><strong><em>dictarum</em></strong></span> <span class='ocrx_word' id='word_1_251' title='bbox 787 3026 1137 3077; x_wconf 88' lang='lat' dir='ltr'><strong><em>ecclesiarum</em></strong></span> <span class='ocrx_word' id='word_1_252' title='bbox 1196 3025 1619 3092; x_wconf 85' lang='lat' dir='ltr'><strong><em>parrochialium</em></strong></span> <span class='ocrx_word' id='word_1_253' title='bbox 1676 3044 1783 3075; x_wconf 93' lang='lat' dir='ltr'><strong><em>non</em></strong></span> <span class='ocrx_word' id='word_1_254' title='bbox 1841 3043 1934 3090; x_wconf 85' lang='lat' dir='ltr'><strong><em>per</em></strong></span> <span class='ocrx_word' id='word_1_255' title='bbox 1988 3043 2175 3076; x_wconf 88' lang='lat' dir='ltr'><strong><em>earum</em></strong></span> <span class='ocrx_word' id='word_1_256' title='bbox 2232 3032 2459 3072; x_wconf 87' lang='lat' dir='ltr'><strong><em>rectores</em></strong></span> 
     </span>
     <span class='ocr_line' id='line_1_30' title="bbox 463 3107 2457 3177; baseline -0.003 -18"><span class='ocrx_word' id='word_1_257' title='bbox 463 3111 555 3159; x_wconf 89' lang='lat' dir='ltr'><strong><em>sed</em></strong></span> <span class='ocrx_word' id='word_1_258' title='bbox 602 3129 695 3176; x_wconf 84' lang='lat' dir='ltr'><strong><em>per</em></strong></span> <span class='ocrx_word' id='word_1_259' title='bbox 754 3110 997 3161; x_wconf 90' lang='lat' dir='ltr'><strong><em>diversos</em></strong></span> <span class='ocrx_word' id='word_1_260' title='bbox 1056 3129 1244 3162; x_wconf 90' lang='lat' dir='ltr'><strong><em>earum</em></strong></span> <span class='ocrx_word' id='word_1_261' title='bbox 1303 3121 1564 3177; x_wconf 87' lang='lat' dir='ltr'><strong><em>patronos</em></strong></span> <span class='ocrx_word' id='word_1_262' title='bbox 1624 3108 2017 3160; x_wconf 88' lang='lat' dir='ltr'><strong><em>ecclesiasticos</em></strong></span> <span class='ocrx_word' id='word_1_263' title='bbox 2076 3107 2457 3174; x_wconf 90' lang='lat' dir='ltr'><strong><em>percipiantur,</em></strong></span> 
     </span>
     <span class='ocr_line' id='line_1_31' title="bbox 457 3188 2456 3262; baseline -0.002 -19"><span class='ocrx_word' id='word_1_264' title='bbox 457 3203 513 3243; x_wconf 89' lang='lat' dir='ltr'><strong><em>et</em></strong></span> <span class='ocrx_word' id='word_1_265' title='bbox 531 3195 815 3260; x_wconf 89' lang='lat' dir='ltr'><strong><em>presertim</em></strong></span> <span class='ocrx_word' id='word_1_266' title='bbox 836 3213 929 3261; x_wconf 90' lang='lat' dir='ltr'><strong><em>per</em></strong></span> <span class='ocrx_word' id='word_1_267' title='bbox 947 3195 1289 3262; x_wconf 89' lang='lat' dir='ltr'><strong><em>prepositum</em></strong></span> <span class='ocrx_word' id='word_1_268' title='bbox 1310 3194 1554 3245; x_wconf 89' lang='lat' dir='ltr'><strong><em>Vulcien.</em></strong></span> <span class='ocrx_word' id='word_1_269' title='bbox 1579 3194 1927 3256; x_wconf 78' lang='lat' dir='ltr'><strong><em>4,Taurinen.</em></strong></span> <span class='ocrx_word' id='word_1_270' title='bbox 1969 3193 2214 3253; x_wconf 91' lang='lat' dir='ltr'><strong><em>diocesis,</em></strong></span> <span class='ocrx_word' id='word_1_271' title='bbox 2262 3188 2456 3242; x_wconf 89' lang='lat' dir='ltr'><strong><em>ordinis</em></strong></span> 
     </span>
     <span class='ocr_line' id='line_1_32' title="bbox 458 3274 2457 3345; baseline -0.003 -17"><span class='ocrx_word' id='word_1_272' title='bbox 458 3277 508 3328; x_wconf 91' lang='lat' dir='ltr'><strong><em>S.</em></strong></span> <span class='ocrx_word' id='word_1_273' title='bbox 550 3278 860 3344; x_wconf 86' lang='lat' dir='ltr'><strong><em>Augustini,</em></strong></span> <span class='ocrx_word' id='word_1_274' title='bbox 923 3279 977 3330; x_wconf 92' lang='lat' dir='ltr'><strong><em>in</em></strong></span> <span class='ocrx_word' id='word_1_275' title='bbox 1039 3280 1294 3330; x_wconf 62' lang='lat' dir='ltr'><strong><em>octo&#39;vel</em></strong></span> <span class='ocrx_word' id='word_1_276' title='bbox 1353 3280 1540 3330; x_wconf 90' lang='lat' dir='ltr'><strong><em>decem</em></strong></span> <span class='ocrx_word' id='word_1_277' title='bbox 1599 3278 1896 3345; x_wconf 86' lang='lat' dir='ltr'><strong><em>parrochiis</em></strong></span> <span class='ocrx_word' id='word_1_278' title='bbox 1940 3288 1995 3327; x_wconf 91' lang='lat' dir='ltr'><strong><em>et</em></strong></span> <span class='ocrx_word' id='word_1_279' title='bbox 2041 3276 2133 3343; x_wconf 77' lang='lat' dir='ltr'><strong><em>per</em></strong></span> <span class='ocrx_word' id='word_1_280' title='bbox 2198 3274 2457 3342; x_wconf 88' lang='lat' dir='ltr'><strong><em>quosdam</em></strong></span> 
     </span>
     <span class='ocr_line' id='line_1_33' title="bbox 387 3355 2455 3431; baseline -0.004 -19"><span class='ocrx_word' id='word_1_281' title='bbox 387 3390 391 3393; x_wconf 89' lang='lat'><em>-</em></span> <span class='ocrx_word' id='word_1_282' title='bbox 457 3362 589 3413; x_wconf 90' lang='lat' dir='ltr'><strong><em>alios</em></strong></span> <span class='ocrx_word' id='word_1_283' title='bbox 631 3363 685 3412; x_wconf 91' lang='lat' dir='ltr'><strong><em>in</em></strong></span> <span class='ocrx_word' id='word_1_284' title='bbox 727 3363 863 3426; x_wconf 85' lang='lat' dir='ltr'><strong><em>aliis,</em></strong></span> <span class='ocrx_word' id='word_1_285' title='bbox 906 3364 982 3414; x_wconf 88' lang='lat' dir='ltr'><strong><em>ita</em></strong></span> <span class='ocrx_word' id='word_1_286' title='bbox 1025 3365 1173 3431; x_wconf 91' lang='lat' dir='ltr'><strong><em>quod</em></strong></span> <span class='ocrx_word' id='word_1_287' title='bbox 1217 3363 1377 3430; x_wconf 89' lang='lat' dir='ltr'><strong><em>quasi</em></strong></span> <span class='ocrx_word' id='word_1_288' title='bbox 1418 3364 1472 3414; x_wconf 92' lang='lat' dir='ltr'><strong><em>in</em></strong></span> <span class='ocrx_word' id='word_1_289' title='bbox 1516 3374 1635 3414; x_wconf 83' lang='lat' dir='ltr'><strong><em>tota</em></strong></span> <span class='ocrx_word' id='word_1_290' title='bbox 1678 3363 1825 3414; x_wconf 85' lang='lat' dir='ltr'><strong><em>dicta</em></strong></span> <span class='ocrx_word' id='word_1_291' title='bbox 1870 3363 2010 3413; x_wconf 88' lang='lat' dir='ltr'><strong><em>valle</em></strong></span> <span class='ocrx_word' id='word_1_292' title='bbox 2056 3363 2193 3412; x_wconf 90' lang='lat' dir='ltr'><strong><em>Pute</em></strong></span> <span class='ocrx_word' id='word_1_293' title='bbox 2233 3370 2287 3409; x_wconf 89' lang='lat' dir='ltr'><strong><em>et</em></strong></span> <span class='ocrx_word' id='word_1_294' title='bbox 2332 3355 2455 3407; x_wconf 86' lang='lat' dir='ltr'><strong><em>locis</em></strong></span> 
     </span>
     <span class='ocr_line' id='line_1_34' title="bbox 458 3446 2455 3500; baseline -0.004 -3"><span class='ocrx_word' id='word_1_295' title='bbox 458 3446 857 3500; x_wconf 86' lang='lat' dir='ltr'><strong><em>circumvicinis</em></strong></span> <span class='ocrx_word' id='word_1_296' title='bbox 909 3459 1145 3499; x_wconf 88' lang='lat' dir='ltr'><strong><em>rectores</em></strong></span> <span class='ocrx_word' id='word_1_297' title='bbox 1199 3466 1293 3499; x_wconf 89' lang='lat' dir='ltr'><strong><em>seu</em></strong></span> <span class='ocrx_word' id='word_1_298' title='bbox 1347 3447 1536 3499; x_wconf 91' lang='lat' dir='ltr'><strong><em>vicarii</em></strong></span> <span class='ocrx_word' id='word_1_299' title='bbox 1591 3466 1777 3498; x_wconf 87' lang='lat' dir='ltr'><strong><em>curam</em></strong></span> <span class='ocrx_word' id='word_1_300' title='bbox 1810 3446 2118 3498; x_wconf 87' lang='lat' dir='ltr'><strong><em>animarum</em></strong></span> <span class='ocrx_word' id='word_1_301' title='bbox 2152 3451 2455 3495; x_wconf 86' lang='lat' dir='ltr'><strong><em>exercentes</em></strong></span> 
     </span>
     <span class='ocr_line' id='line_1_35' title="bbox 456 3525 2454 3594; baseline -0.004 -13"><span class='ocrx_word' id='word_1_302' title='bbox 456 3532 632 3582; x_wconf 86' lang='lat' dir='ltr'><strong><em>solum</em></strong></span> <span class='ocrx_word' id='word_1_303' title='bbox 675 3534 881 3584; x_wconf 84' lang='lat' dir='ltr'><strong><em>habent</em></strong></span> <span class='ocrx_word' id='word_1_304' title='bbox 922 3534 1226 3591; x_wconf 86' lang='lat' dir='ltr'><strong><em>oblationes</em></strong></span> <span class='ocrx_word' id='word_1_305' title='bbox 1271 3533 1572 3593; x_wconf 75' lang='lat' dir='ltr'><strong><em>manuales,</em></strong></span> <span class='ocrx_word' id='word_1_306' title='bbox 1614 3542 1669 3582; x_wconf 87' lang='lat' dir='ltr'><strong><em>et</em></strong></span> <span class='ocrx_word' id='word_1_307' title='bbox 1708 3532 1805 3582; x_wconf 86' lang='lat' dir='ltr'><strong><em>vix</em></strong></span> <span class='ocrx_word' id='word_1_308' title='bbox 1836 3531 1961 3582; x_wconf 89' lang='lat' dir='ltr'><strong><em>inde</em></strong></span> <span class='ocrx_word' id='word_1_309' title='bbox 2002 3530 2184 3581; x_wconf 88' lang='lat' dir='ltr'><strong><em>vivere</em></strong></span> <span class='ocrx_word' id='word_1_310' title='bbox 2226 3525 2454 3594; x_wconf 82' lang='lat' dir='ltr'><strong><em>possint3</em></strong></span> 
     </span>
     <span class='ocr_line' id='line_1_36' title="bbox 460 3611 2455 3682; baseline -0.004 -16"><span class='ocrx_word' id='word_1_311' title='bbox 460 3626 683 3682; x_wconf 85' lang='lat' dir='ltr'><strong><em>propter</em></strong></span> <span class='ocrx_word' id='word_1_312' title='bbox 735 3619 880 3682; x_wconf 92' lang='lat' dir='ltr'><strong><em>quod</em></strong></span> <span class='ocrx_word' id='word_1_313' title='bbox 934 3619 1112 3668; x_wconf 91' lang='lat' dir='ltr'><strong><em>nullus</em></strong></span> <span class='ocrx_word' id='word_1_314' title='bbox 1164 3613 1447 3668; x_wconf 85' lang='lat' dir='ltr'><strong><em>litteratus</em></strong></span> <span class='ocrx_word' id='word_1_315' title='bbox 1476 3617 1636 3666; x_wconf 88' lang='lat' dir='ltr'><strong><em>homo</em></strong></span> <span class='ocrx_word' id='word_1_316' title='bbox 1677 3617 1797 3666; x_wconf 85' lang='lat' dir='ltr'><strong><em>vult</em></strong></span> <span class='ocrx_word' id='word_1_317' title='bbox 1828 3615 2062 3681; x_wconf 91' lang='lat' dir='ltr'><strong><em>recipere</em></strong></span> <span class='ocrx_word' id='word_1_318' title='bbox 2097 3611 2343 3664; x_wconf 84' lang='lat' dir='ltr'><strong><em>ecclesias</em></strong></span> <span class='ocrx_word' id='word_1_319' title='bbox 2367 3625 2455 3660; x_wconf 91' lang='lat' dir='ltr'><strong><em>seu</em></strong></span> 
     </span>
     <span class='ocr_line' id='line_1_37' title="bbox 461 3692 2455 3768; baseline -0.006 -19"><span class='ocrx_word' id='word_1_320' title='bbox 461 3717 615 3750; x_wconf 83' lang='lat' dir='ltr'><strong><em>curas</em></strong></span> <span class='ocrx_word' id='word_1_321' title='bbox 634 3700 768 3751; x_wconf 83' lang='lat' dir='ltr'><strong><em>illas.</em></strong></span> <span class='ocrx_word' id='word_1_322' title='bbox 810 3702 1161 3768; x_wconf 86' lang='lat' dir='ltr'><strong><em>Supplicatur</em></strong></span> <span class='ocrx_word' id='word_1_323' title='bbox 1200 3703 1249 3752; x_wconf 88' lang='lat' dir='ltr'><strong><em>S.</em></strong></span> <span class='ocrx_word' id='word_1_324' title='bbox 1292 3703 1352 3751; x_wconf 88' lang='lat' dir='ltr'><strong><em>V.</em></strong></span> <span class='ocrx_word' id='word_1_325' title='bbox 1394 3701 1655 3767; x_wconf 88' lang='lat' dir='ltr'><strong><em>quatinus</em></strong></span> <span class='ocrx_word' id='word_1_326' title='bbox 1695 3699 2037 3750; x_wconf 85' lang='lat' dir='ltr'><strong><em>committere</em></strong></span> <span class='ocrx_word' id='word_1_327' title='bbox 2076 3692 2369 3763; x_wconf 87' lang='lat' dir='ltr'><strong><em>dignemini</em></strong></span> <span class='ocrx_word' id='word_1_328' title='bbox 2402 3699 2455 3740; x_wconf 89' lang='lat' dir='ltr'><strong><em>et</em></strong></span> 
     </span>
     <span class='ocr_line' id='line_1_38' title="bbox 463 3780 2453 3852; baseline -0.004 -19"><span class='ocrx_word' id='word_1_329' title='bbox 463 3783 722 3835; x_wconf 84' lang='lat' dir='ltr'><strong><em>mandare</em></strong></span> <span class='ocrx_word' id='word_1_330' title='bbox 756 3785 916 3836; x_wconf 85' lang='lat' dir='ltr'><strong><em>alicui</em></strong></span> <span class='ocrx_word' id='word_1_331' title='bbox 949 3786 1034 3836; x_wconf 88' lang='lat' dir='ltr'><strong><em>vel</em></strong></span> <span class='ocrx_word' id='word_1_332' title='bbox 1068 3785 1340 3852; x_wconf 86' lang='lat' dir='ltr'><strong><em>aliquibus</em></strong></span> <span class='ocrx_word' id='word_1_333' title='bbox 1375 3786 1440 3836; x_wconf 88' lang='lat' dir='ltr'><strong><em>de</em></strong></span> <span class='ocrx_word' id='word_1_334' title='bbox 1475 3784 1672 3851; x_wconf 88' lang='lat' dir='ltr'><strong><em>quibus</em></strong></span> <span class='ocrx_word' id='word_1_335' title='bbox 1705 3784 1880 3834; x_wconf 87' lang='lat' dir='ltr'><strong><em>eidem</em></strong></span> <span class='ocrx_word' id='word_1_336' title='bbox 1916 3783 1966 3835; x_wconf 84' lang='lat' dir='ltr'><strong><em>S.</em></strong></span> <span class='ocrx_word' id='word_1_337' title='bbox 2001 3780 2294 3839; x_wconf 86' lang='lat' dir='ltr'><strong><em>videbitur,</em></strong></span> <span class='ocrx_word' id='word_1_338' title='bbox 2328 3792 2453 3843; x_wconf 87' lang='lat' dir='ltr'><strong><em>qua·</em></strong></span> 
     </span>
    </p>
   </div>
  </div>
 </body>
</html>
