2540 4354
981 410 1133 444 ηΑιι
1171 386 1297 444 xxii
1613 407 1616 410 ’
1695 408 1701 412 ·
2065 395 2131 448 37

90 564 94 566 .
143 515 288 581 'enim
314 541 476 591 super
502 509 775 590 premissis
793 526 872 591 (α)
899 533 1087 574 contra
1116 540 1206 574 eos
1235 518 1640 590 juxta'statuta
1671 516 1985 592 hujusmodi
2014 547 2132 594 pro·

96 645 99 650 .
132 598 368 673 Jcedendi
407 616 464 657 et
503 606 607 658 alia
650 606 832 657 omnia
874 616 930 658 et
971 604 1182 671 singula
1225 623 1327 671 que
1370 606 1509 657 circa
1554 606 1814 672 premissa
1856 620 2125 675 oportuna

88 683 93 742 ]
142 686 346 740 fuerint
389 689 624 741 faciendi
666 698 724 741 et
766 688 935 740 etiam
979 688 1263 740 exercendi
1297 710 1311 741 ε
1346 707 1455 741 non
1502 690 1850 741 obstantibus
1911 692 2130 758 quibus-

24 767 28 813 ἆ
100 791 103 794 ”
145 783 377 838 cumque
416 771 726 840 privilegiis,
766 772 1115 837 indulgentiis
1155 782 1212 822 et
1249 771 1444 823 litteris
1463 773 1773 838 apostolicis
1793 776 2129 838 generalibus

89 869 92 870 ’
133 854 231 927 [vel
265 855 589 922 specialibus
622 855 798 906 eidem
833 855 1007 906 ordini
1040 866 1138 906 aut
1171 855 1338 922 ipsius
1388 857 1466 922 (b)
1500 856 1700 907 ordinis
1749 858 2008 909 fratribus
2044 861 2130 910 vel

141 954 332 1005 eorum
353 937 625 1005 aliquibus
646 940 748 989 sub
769 938 962 1004 quavis
984 940 1274 989 verborum
1297 938 1471 990 forma
1494 940 1776 1002 concessis,
1800 958 1903 1006 que
1926 931 2130 1008 pseudo

94 1067 99 1079 „
140 1018 399 1072 fratribus
427 1030 483 1071 et
513 1021 901 1072 adherentibus
930 1020 1255 1087 supradictis
1287 1032 1475 1073 contra
1506 1023 1765 1089 premissa
1795 1025 1880 1074 vel
1909 1026 2129 1091 aliquod

99 1128 101 1130 ·
133 1103 521 1170 premissorum
549 1104 606 1155 in
633 1105 780 1155 nullo
810 1105 1062 1155 volumus
1091 1105 1402 1170 suffragari3
1437 1116 1493 1155 et
1537 1116 1653 1157 tam
1683 1106 1748 1156 de
1778 1108 1990 1159 duabus
2021 1109 2127 1158 dic·

99 1207 102 1208 ’
135 1185 212 1238 tis
270 1186 326 1238 in
383 1187 607 1245 concilio
668 1187 902 1254 gena-ali
961 1207 1126 1254 quam
1185 1188 1351 1239 felicis
1410 1190 1797 1242 recordationis
1865 1192 2124 1243 Bonifatii

96 1304 98 1306 -
137 1287 277 1338 pape
306 1271 443 1323 VIII
470 1270 856 1338 predecessoris
875 1271 1046 1322 nostri
1067 1271 1440 1341 [auctoritate]
1460 1273 1638 1335 editis,
1659 1292 1752 1340 per
1771 1293 1903 1340 quas
1919 1276 2127 1343 judices

97 1350 104 1357 ’
134 1369 168 1406 ι
202 1353 340 1404 Sede
371 1352 625 1420 deputati
657 1353 902 1419 predicta
935 1364 1090 1404 extra
1125 1353 1408 1405 civitatem
1441 1366 1495 1405 ct
1529 1355 1832 1407 diocesim
1818 1377 1873 1407 in
1928 1359 2126 1424 quibus

89 1501 90 1504 Ἴ
134 1434 387 1504 deputati
404 1435 606 1487 fuerint
623 1446 721 1488 aut
738 1436 947 1503 aliquos
967 1437 1107 1488 ultra
1128 1455 1293 1488 unam
1312 1437 1517 1489 dietam
1535 1457 1565 1490 a
1583 1439 1685 1489 fine
1708 1458 1799 1506 sue
1811 1444 1881 1508 (c)
1901 1440 2124 1493 diocesis

94 1526 99 1543 ⁷
139 1520 353 1571 trahere
400 1520 776 1587 prohibentur,
824 1529 879 1569 et
926 1519 1042 1570 aliis
1071 1520 1355 1571 contrariis
1401 1521 1885 1574 constitutionibus
1905 1525 2125 1591 quibus·

92 1595 95 1597 ’
135 1610 394 1669 cumque3
405 1602 533 1654 sive
560 1602 604 1654 si
629 1602 901 1669 aliquibus
929 1603 1291 1654 communiter
1317 1604 1403 1654 vel
1430 1604 1647 1655 divisim
1674 1624 1705 1657 a
1734 1606 1880 1659 dicta
1899 1608 1969 1658 sit
1989 1610 2123 1660 Sede

125 1681 414 1756 indultum
446 1685 592 1755 quod
623 1685 890 1747 interdici,
923 1685 1197 1751 suspendi,
1231 1686 1316 1736 vel
1348 1688 1809 1739 excommunicari
1839 1700 1937 1740 aut
1968 1701 2122 1743 extra

34 1806 37 1808 -
89 1824 92 1825 ⁷
128 1748 231 1820 vel
257 1767 400 1820 ultra
428 1778 574 1820 certa
601 1768 719 1820 loca
748 1768 894 1820 trahi
919 1768 1005 1819 vel
1033 1769 1101 1820 ad
1129 1768 1396 1836 judicium
1424 1771 1638 1821 evocari
1666 1789 1773 1821 non
1803 1773 2011 1838 possint
2031 1793 2124 1840 per

35 1839 47 1903 ,Ἴ
90 1846 94 1851 ”
133 1849 347 1904 litteras
369 1851 695 1919 apostolicas
717 1870 826 1904 non
848 1851 1108 1903 facientes
1132 1852 1349 1919 plenam
1371 1862 1426 1903 et
1448 1871 1759 1919 expressam
1783 1873 1845 1906 ac
1867 1856 1932 1905 de
1956 1859 2121 1907 verbo

130 1935 206 1988 nd
241 1936 471 1987 verbum
507 1936 572 1986 de
608 1935 822 1986 indulto
860 1935 1175 2002 hujusmodi
1210 1946 1266 1985 et
1302 1954 1488 1986 eorum
1527 1938 1766 2003 personis
1803 1957 1865 1989 ac
1902 1939 2029 1990 locis
2067 1948 2123 1990 et

92 2018 440 2080 „nominibus
486 2018 715 2086 propriis
760 2018 847 2068 vel
893 2018 1172 2069 ordinibus
1222 2020 1580 2082 mentionem3
1628 2031 1683 2070 et
1717 2022 1962 2087 qualibet
2016 2023 2120 2074 alia

59 2127 71 2133 -
146 2098 275 2170 g‘cte
305 2101 456 2156 Sedis
486 2101 822 2167 indulgentia
856 2101 1089 2167 generali
1128 2101 1213 2152 vel
1245 2102 1479 2168 speciali,
1528 2104 1922 2171 cujuscumque
1967 2116 2120 2156 teno-

273 2184 476 2237 existat
532 2203 627 2252 per
683 2204 848 2251 quam
905 2195 997 2235 tue
1054 2184 1444 2253 jurisdictionis
1486 2186 1780 2254 explicatio
1828 2190 1906 2255 (d)
1936 2192 2118 2241 valeat

36 2286 43 2308 2
98 2261 305 2325 inhuc
337 2273 491 2335 parte
525 2267 936 2334 quomodolibet
966 2267 1233 2335 impediri,
1269 2280 1324 2319 et
1371 2269 1435 2319 de
1469 2288 1577 2335 qua
1624 2271 1888 2338 cujusque
1912 2277 1980 2340 (e)
2001 2284 2118 2324 toto

51 2382 54 2384 v
104 2341 315 2405 ¹ultore
353 2352 604 2406 habenda
642 2351 713 2403 sit
750 2351 806 2403 in
845 2351 1043 2402 nostris
1081 2351 1276 2403 litteris
1333 2352 1537 2403 mentio
1591 2353 1854 2420 specialis,
1902 2356 2117 2422 plenam

45 2439 54 2479 j
91 2431 233 2496 {fibi
261 2434 604 2486 concedimus
635 2445 821 2486 tenore
853 2435 1186 2501 presentium
1218 2445 1570 2502 potestatem.
1606 2438 1867 2488 Volumus
1898 2439 2116 2506 insuper

103 2523 188 2568 *et
211 2517 507 2585 apostolica
535 2517 865 2569 auctoritate
893 2517 1230 2569 decernimus
1260 2520 1404 2585 quod
1433 2538 1463 2570 a
1492 2521 1620 2571 data
1652 2522 1986 2587 presentium
2014 2524 2115 2573 tibi

47 2602 62 2651 ’.
103 2596 202 2678 pit
228 2598 284 2652 in
316 2600 586 2670 premissis
618 2601 870 2653 omnibus
902 2612 958 2652 et
988 2601 1208 2667 singulis
1242 2603 1581 2669 presentibus
1614 2615 1668 2654 ct
1700 2605 1896 2655 futuris
1930 2625 2114 2673 perpe·
2176 2667 2182 2676 ι

99 2686 285 2742 stuata
318 2695 562 2752 potestas
595 2695 651 2736 et
680 2685 986 2754 jurisdictio
1021 2685 1291 2736 attributa
1327 2696 1389 2735 ut
1421 2705 1482 2736 eo
1517 2687 1698 2752 vigore
1733 2688 1928 2753 illaque
1953 2691 2113 2741 firmi·

46 2803 47 2806 =
96 2773 245 2833 nte
276 2768 446 2835 possis
476 2768 533 2819 in
565 2768 837 2836 premissis
870 2769 1121 2819 omnibus
1153 2779 1209 2819 et
1241 2768 1462 2834 singulis
1496 2770 1664 2836 ceptis
1697 2781 1752 2820 et
1784 2790 1891 2821 non
1925 2774 2111 2839 ceptis,

48 2868 53 2869 ’
95 2850 463 2923 Ϊρϋοοοιιῑίὶιιιε
490 2862 547 2903 et
574 2852 774 2904 futuris
804 2852 1108 2918 procedere,
1137 2870 1200 2903 ac
1241 2852 1285 2902 si
1316 2852 1621 2918 jurisdictio
1651 2864 1745 2904 tua
1788 2854 1842 2904 in
1861 2855 2018 2906 dictis
2047 2858 2112 2924 (s)

95 2998 104 3005 ‚
148 2966 152 2974 ·
183 2933 381 2986 unibus
408 2946 465 2986 et
491 2935 712 3001 singulis
742 2953 837 3002 per
864 2934 1181 2985 citationem
1210 2935 1296 2985 vel
1325 2935 1491 2986 alium
1523 2937 1745 2988 modum
1787 2949 2110 3004 perpetuata

50 3039 60 3078 ς
99 3012 431 3090 ,legitimum
464 3018 753 3070 extitisset.
790 3049 858 3055 —
893 3019 1097 3069 Datum
1136 3017 1406 3081 Avinioni,
1459 3038 1560 3069 vm
1609 3020 1728 3070 idus
1778 3023 2104 3086 novembris,

46 3111 48 3114 ’
102 3125 130 3151 τ,
173 3125 178 3141 ·
210 3117 264 3152 ·o
286 3101 538 3153 secundo.

20 1358 34 1528 vssw-sv-
22 988 32 1341 w—-ev—v-s—-w-„o-—wvm—
24 915 31 962 ---„
24 872 28 890 ο
24 838 28 860 ν,

47 3250 55 3265 a,
103 3180 237 3264 sk)
270 3208 447 3256 Bubul.
435 3228 447 3240 ·
473 3215 724 3269 praemissa.

2 3315 3 3318 ,
50 3297 55 3299 ’
103 3275 145 3337 ‘'s‘'
178 3274 237 3338 (b)
270 3281 452 3325 nubet.
490 3284 613 3336 ipsu.

3 3376 5 3402 ς
108 3357 112 3360 ’“
180 3343 238 3406 (e)
266 3350 449 3419 Eubel·
478 3352 659 3407 finibus.

0 3564 1 3569 ’
182 3553 228 3612 U)
261 3555 399 3599 Euboi
432 3573 444 3600 ε
474 3521 714 3613 praediolis.

184 3685 230 3728 1.
258 3686 345 3730 Sur
362 3688 424 3732 les
443 3689 669 3745 spirituels
689 3700 734 3733 et
754 3693 968 3735 l'histoire
988 3696 1043 3736 de
1063 3697 1158 3738 leur
1177 3699 1407 3752 poursuite
1441 3713 1496 3741 en
1529 3702 1705 3755 justice,
1720 3703 1816 3744 voit·
1839 3703 2108 3746 l’Introduc-

0 3765 3 3769 “
62 3756 103 3814 fg
138 3776 143 3782 2
169 3767 228 3806 ιι,
244 3769 288 3809 p.
304 3769 347 3798 ιι
369 3770 479 3801 mvn.
