2540 4354
437 337 536 387 168
819 353 1109 386 BULLAIRE
1152 354 1226 386 nn
1269 336 1687 396 L’iNQuisrrmN
1733 352 2055 395 ΕΒΑΝςΑιεΕ

436 470 715 521 occasione
751 488 1058 536 perperam,
1083 470 1325 520 indebite
1350 481 1404 520 et
1450 469 1649 520 iniuste
1682 488 1805 518 eum
1841 487 1942 535 que
1973 486 2067 535 per
2099 469 2272 519 multa
2303 479 2434 518 tem-

435 573 565 619 pora
585 552 896 604 detinuistis
916 554 1115 605 carceri
1134 556 1537 621 mancipatum
1557 573 1728 621 eoque
1757 556 1826 604 ab
1856 553 2437 603 excommunicationis

433 638 704 688 sententia
737 657 903 703 quam
933 656 1058 687 eum
1088 639 1498 704 pretendebatis
1530 649 1818 704 propterca
1849 638 2153 698 incurrisse,
2186 636 2436 702 primitus

431 723 703 784 absoluto,
747 733 935 772 contra
975 722 1174 787 ipsum,
1217 733 1399 788 spreto
1441 723 1662 772 consilio
1705 721 2115 788 quamplurium
2156 720 2438 786 magistro·

431 825 553 855 rum
581 804 637 855 in
668 825 818 857 sacra
850 806 1048 871 pagina
1080 817 1134 856 et
1165 807 1394 857 decretis
1427 806 1802 857 universitatis
1837 806 2091 856 Parisien.
2125 816 2179 854 et
2209 804 2437 855 aliorum

430 890 885 963 iurisperitorum,
923 891 1175 956 quamvis
1211 892 1279 941 ad
1315 892 1415 941 hoc
1450 910 1544 957 per
1577 910 1673 941 vos
1708 890 1900 940 fuisset
1934 908 2121 939 eorum
2156 888 2436 939 consilium

432 974 776 1040 requisitum,
820 975 1152 1025 sententiam
1192 975 1579 1041 promulgastis
1603 973 1890 1041 iniquam,i
1923 993 2081 1040 psum
2122 992 2215 1039 per
2235 973 2435 1023 dictam

434 1059 765 1109 sententiam
804 1060 1131 1109 declarando
1172 1060 1468 1125 periurum,
1509 1078 1743 1126 eumque
1782 1078 1811 1109 a
1851 1069 1971 1108 toto
2009 1077 2173 1123 regno
2215 1058 2436 1108 Francie

434 1143 722 1205 baniendo,
757 1143 967 1209 sibique
999 1144 1332 1209 imponendo
1367 1144 1513 1210 quod
1546 1145 1614 1194 ad
1647 1154 1902 1194 sanctum
1935 1144 2207 1193 ,Iacobum
2237 1140 2258 1170 ³
2291 1160 2434 1207 pere-

432 1246 519 1292 gre
548 1228 836 1294 proficisci,
866 1238 921 1278 et
949 1229 1096 1294 quod
1123 1228 1179 1278 in
1207 1247 1347 1294 pane
1375 1239 1430 1278 et
1459 1248 1602 1294 aqua
1632 1228 1854 1294 singulis
1883 1227 2050 1298 sextis
2079 1224 2221 1276 feriis
2267 1245 2434 1292 usque

432 1314 500 1362 ad
530 1323 740 1378 septem
769 1331 939 1363 annos
969 1314 1168 1363 debeat
1195 1313 1453 1375 ieiunare,
1482 1313 1772 1379 ipsumque
1803 1313 1870 1362 ad
1915 1313 2239 1361 solvendum
2281 1311 2433 1362 nobis

433 1397 549 1462 (sie)
621 1408 843 1446 centum
909 1397 1072 1447 libras
1155 1399 1423 1447 bonorum
1505 1397 1891 1448 Parisiensium
1974 1396 2433 1462 condempnastis,

432 1482 642 1547 sibique
683 1482 838 1548 plura
878 1482 982 1532 alia
1024 1482 1343 1547 gravamina
1384 1493 1438 1531 et
1477 1480 1700 1532 iniurias
1742 1481 2070 1547 multiplices
2129 1481 2434 1542 inferend03

430 1565 661 1632 receptis
692 1567 1049 1632 postmodum
1079 1568 1148 1617 ab
1179 1567 1370 1616 eodem
1401 1577 1528 1617 ante
1560 1577 1614 1616 et
1645 1576 1770 1632 post
1799 1565 2073 1632 prefatam
2104 1564 2432 1615 sententiam

434 1668 527 1716 per
554 1650 667 1700 vim
695 1661 750 1700 et
778 1661 988 1700 metum
1016 1651 1400 1701 nichilominus
1428 1650 1768 1712 iuramentis,
1800 1650 1945 1716 quod
1975 1651 2039 1700 de
2068 1649 2223 1699 vobis
2253 1666 2434 1714 quere-

428 1735 539 1784 lam
573 1753 681 1784 non
716 1736 1030 1801 deponeret,
1064 1753 1162 1786 nec
1193 1737 1533 1797 reclamaret,
1569 1754 1666 1785 nec
1712 1735 2062 1800 impugnaret
2107 1733 2435 1784 sententiam

435 1831 823 1882 memoratam3
874 1831 928 1869 et
959 1822 1022 1870 de
1055 1821 1387 1886 quibusdam
1416 1821 1532 1871 aliis
1563 1839 1672 1870 non
1701 1819 1962 1870 faciendis
1993 1819 2079 1869 vel
2108 1837 2217 1868 non
2261 1816 2435 1868 dicen-

432 1905 512 1954 dis
552 1915 606 1954 et
645 1902 918 1971 aliquibus
959 1905 1220 1955 faciendis
1260 1916 1315 1955 et
1355 1906 1595 1955 dicendis
1636 1923 1730 1971 per
1769 1923 1893 1954 eum
1933 1914 2098 1970 prout
2130 1903 2284 1953 nobis
2320 1902 2434 1968 (sic)

430 1989 523 2049 illa⁴
555 1989 717 2039 libuit
753 1991 822 2040 ab
859 1991 1049 2040 eodem
1086 2009 1249 2056 quem
1285 1990 1558 2041 tenebatis
1595 1990 1650 2039 in
1686 1989 1974 2040 durissimo
2013 2006 2223 2040 carcere
2258 1998 2434 2037 extor-

430 2092 617 2139 quere3
651 2085 884 2140 postque
904 2075 1189 2125 relaxastis
1221 2076 1458 2125 eundem
1490 2094 1519 2125 a
1554 2092 1763 2125 carcere
1787 2074 2072 2140 prelibato.
2108 2072 2286 2136 Quare
2321 2091 2434 2139 pre-

431 2159 578 2208 fatus
619 2159 877 2224 magister
916 2160 1196 2210 Johannes
1236 2178 1397 2225 super
1436 2159 1709 2225 premissis
1730 2160 1798 2209 ad
1834 2158 2196 2224 apostolicam
2244 2157 2434 2207 Sedem

428 2261 707 2294 recurrens
752 2244 908 2294 nobis
969 2245 1248 2299 humiliter
1307 2245 1602 2311 supplicari
1665 2243 1780 2310 (sic)
1845 2255 1905 2293 ut
1966 2262 2089 2293 cum
2123 2241 2430 2293 huiusmodi

427 2327 728 2393 inquisitio,
771 2329 1043 2379 sententia
1085 2340 1139 2378 et
1179 2348 1460 2395 processus
1502 2348 1788 2395 perperam
1828 2329 1962 2379 facti
2002 2339 2056 2378 et
2094 2328 2194 2378 lati
2233 2327 2433 2377 fuerint

432 2423 620 2463 contra
685 2432 809 2463 eum
859 2424 913 2463 et
963 2433 1059 2479 pro
1110 2425 1264 2480 parte
1322 2414 1491 2480 ipsius
1537 2414 1702 2464 fuerit
1746 2425 2034 2480 propterea
2079 2414 2148 2464 ad
2192 2423 2434 2463 nostram

432 2498 772 2548 audientiam
803 2498 943 2548 sicut
987 2499 1179 2549 asserit
1226 2500 1546 2565 apellatum,
1595 2499 1853 2565 dictaque
1898 2499 2210 2548 iuramenta
2256 2497 2437 2563 inique

430 2582 485 2632 vi
516 2593 570 2632 et
603 2593 754 2632 metu
786 2594 1003 2634 extorta
1036 2583 1240 2633 fuerint
1272 2585 1341 2634 ab
1391 2585 1582 2634 eodem
1632 2603 1694 2634 ac
1746 2580 2121 2650 Inquisitionis
2172 2581 2436 2632 sententie

429 2686 491 2718 ac
568 2686 848 2733 processus
939 2668 1310 2734 predictorum
1387 2668 1600 2734 copiam
1674 2687 1767 2734 per
1826 2687 1950 2717 eum
2037 2667 2270 2733 petitam
2343 2684 2434 2732 pro

430 2752 760 2821 deffentione
835 2771 931 2803 sua
1019 2771 1128 2803 non
1202 2754 1445 2819 potuerit
1531 2772 1628 2802 nec
1704 2753 1876 2819 possit
1933 2753 2148 2813 habere,
2193 2751 2432 2817 predicta

426 2834 736 2887 iuramenta
807 2838 1067 2900 relaxare,
1126 2837 1169 2887 si
1223 2837 1560 2888 relaxatione
1616 2837 1898 2902 indigeant
1953 2856 2015 2887 ac
2071 2854 2291 2886 causam
2345 2853 2434 2884 seu

429 2939 619 2971 causas
660 2921 948 2983 nullitatis,
990 2922 1319 2988 iniquitatis,
1362 2933 1416 2972 et
1456 2920 1722 2972 iniustitie
1787 2921 2155 2987 inquisitionis
2212 2931 2266 2969 et
2321 2937 2432 2977 sen-

430 3005 602 3055 tentie
658 3025 720 3056 ac
777 3025 1058 3072 processus
1130 3007 1504 3073 predictorum
1561 3025 1622 3057 ac
1681 3006 2064 3073 appellationis
2117 3005 2326 3071 prefate
2375 3022 2434 3053 ac

428 3090 596 3141 etiam
632 3091 837 3155 negotii
873 3091 1186 3158 principalis
1222 3091 1277 3142 in
1325 3109 1553 3142 romana
1620 3091 1766 3141 curia
1819 3091 2119 3140 audiendas
2183 3100 2237 3139 et
2298 3087 2432 3138 deci-

428 3175 633 3225 dendas
684 3175 1026 3225 committere
1075 3176 1450 3241 dignaremur3
1485 3195 1593 3226 non
1643 3178 1899 3226 obstante
1947 3176 2092 3240 quod
2126 3171 2434 3223 huiusmodi

433 3278 591 3309 cause
652 3278 761 3309 non
820 3259 930 3309 sint
989 3261 1054 3309 de
1100 3261 1183 3310 sui
1227 3271 1426 3311 natura
1488 3261 1542 3310 in
1603 3261 1768 3322 dicta·
1825 3259 1971 3309 curia
2033 3258 2432 3324 pertractande.

430 3343 691 3406 Quocirca
750 3344 1063 3394 discretioni
1119 3356 1297 3394 vestre
1355 3363 1449 3411 per
1505 3344 1802 3410 apostolica
1863 3343 2064 3409 scripta
2113 3343 2433 3392 mandamus

430 3427 689 3492 quatinus
732 3447 828 3477 vos
887 3429 972 3477 vel
1015 3430 1152 3478 alter
1209 3440 1454 3479 vestrum
1511 3429 1598 3478 cui
1658 3438 1934 3494 presentes
1995 3427 2174 3476 littere
2235 3425 2433 3475 fuerint

429 3521 739 3577 presentate
801 3513 1114 3563 huiusmodi
1172 3514 1583 3579 inquisitionem
1644 3524 1698 3563 et
1744 3512 2093 3574 sententiam,
2142 3527 2431 3575 omnesque

428 3614 707 3661 processus
767 3615 862 3662 per
904 3616 1000 3647 vos
1046 3598 1264 3648 habitos
1309 3617 1470 3664 super
1515 3598 1787 3663 premissis
1836 3596 2068 3646 fideliter
2126 3614 2220 3661 per
2279 3604 2428 3644 nota-

430 3680 535 3729 rios
579 3681 822 3745 publicos
866 3700 960 3746 per
1000 3701 1097 3731 vos
1138 3682 1193 3731 in
1250 3683 1478 3747 prefatis
1534 3682 1887 3748 inquisitione
1945 3691 1999 3729 et
2055 3678 2325 3730 sententia
2373 3694 2430 3726 ac
2473 3732 2476 3736 ⁴

438 3764 776 3829 processibus
816 3765 1056 3815 dudum''
1079 3766 1355 3816 adhibitos
1413 3767 1467 3817 in
1519 3765 1733 3833 scriptis
1784 3766 2035 3816 redactos
2088 3765 2188 3814 sub
2241 3761 2429 3813 vestris
