2540 4354
863 410 1074 445 nni-tou·
1106 412 1212 447 xm
1929 398 2031 450 473

143 555 165 571 ··
217 525 526 578 Tholosanc
573 524 803 592 aliisque
841 524 1159 577 civitatibus
1189 536 1244 576 et
1261 526 1581 593 diocesihus,
1623 527 1830 592 castris,
1870 527 2052 593 villis,5

104 627 140 651 ¹·
213 618 272 660 et
305 607 572 671 terminis,
607 617 772 676 prout
803 606 951 658 tanti
994 609 1199 675 negotii
1231 609 1439 660 utilitas
1487 611 1756 673 suadebit,
1791 614 1893 663 sub
1938 611 2050 679 spe³

127 723 146 737 -·
212 686 312 743 d-is
344 702 528 743 eterne
560 691 637 744 sic
667 690 960 743 efficaciter
989 691 1244 758 prosequi
1273 703 1330 743 et
1362 694 1556 759 exequi
1571 696 1791 746 studeas
1808 695 2031 762 diligen·

106 778 233 828 ut
265 793 360 842 per
392 773 753 827 solicitudinis
789 784 886 825 tue
920 773 1270 840 prudentiam
1304 775 1461 826 radix
1508 777 1739 828 heretice
1787 778 2043 844 pravitaf

163 858 407 911 eiusdem
435 857 631 909 exinde
653 855 884 925 'penitus
914 858 1278 919 evellatur...;
1324 858 1379 909 in
1410 859 1718 912 huiusmodi
1746 860 2042 926 negotium*

133 956 399 993 cessurus
441 951 559 992 tam
600 942 905 993 secundum
947 939 1313 1006 indulgentias
1356 951 1412 990 et
1466 940 1746 1008 privilegia
1801 943 2049 1010 inquisi-²

122 1093 130 1100 .
177 1041 260 1076 ·us
313 1021 607 1091 pravitatis
658 1023 923 1085 eiusdem,
978 1023 1033 1074 in
1077 1039 1240 1087 regno
1278 1023 1499 1075 Francie
1534 1024 1863 1076 auctoritate
1897 1044 2032 1093 apo·

108 1159 111 1162 ,
157 1124 242 1160 oa
276 1106 578 1174 deputatis,
610 1125 706 1159 seu
723 1106 896 1159 officio
948 1106 1318 1172 inquisitionis
1357 1107 1669 1158 huiusmodi
1717 1109 1786 1159 ab
1836 1110 2027 1160 eadem

153 1207 177 1233 ’-
237 1207 511 1253 concessa,
577 1207 743 1256 quam
809 1191 1112 1242 secundum
1177 1190 1464 1241 canonicas
1525 1189 1866 1242 sanctiones.‘
1927 1193 2028 1242 Per

126 1270 362 1325 smodi
432 1282 620 1323 autem
692 1271 1110 1339 deputationem
1171 1274 1239 1324 de
1298 1282 1393 1324 tua
1440 1288 1668 1338 persona
1714 1272 2025 1324 huiusmodi

117 1379 140 1399 ··
173 1354 428 1408 'itionis
462 1354 635 1408 officio
683 1373 779 1421 per
823 1373 920 1408 nos
967 1356 1172 1407 factam
1205 1356 1446 1407 locorum
1489 1355 1770 1408 ordinariis
1813 1355 2026 1421 quomi-

127 1458 130 1480 ι
182 1437 298 1506 ipsi
343 1437 716 1505 inquisitionis
761 1439 999 1491 officium
1028 1457 1191 1504 super
1220 1440 1341 1489 labe
1371 1437 1613 1504 predicta
1632 1448 1793 1504 prout
1830 1439 2024 1489 volunt

134 1521 308 1586 faico
340 1522 651 1575 sanctiones
679 1538 930 1575 exercere
959 1522 1199 1583 valeant,
1244 1539 1453 1573 necnon
1484 1520 1738 1586 predictis
1784 1523 1869 1572 vel
1900 1521 2014 1586 qui·

142 1594 395 1673 'cumque
437 1604 554 1657 aliis
598 1604 893 1673 privilegiis
937 1604 1098 1657 dictis
1131 1604 1305 1657 ordini
1349 1606 1434 1655 vel
1474 1603 1884 1671 inquisitoribus
1929 1621 2023 1655 seu

150 1686 250 1752 eie,
279 1688 326 1740 si
355 1707 461 1756 qua
491 1689 602 1741 sint
631 1689 707 1741 eis
738 1690 809 1740 ab
850 1690 1041 1741 eadem
1086 1687 1219 1739 Sede
1264 1705 1536 1748 concessa,
1578 1688 1830 1739 nolumus
1888 1687 2021 1740 alias

132 1771 414 1837 sdicium
483 1772 743 1838 generari.
788 1799 857 1808 —
912 1773 1118 1823 Datum
1175 1773 1320 1839 apud
1393 1770 1652 1822 Sanctum
1726 1771 2021 1831 Victorem,

156 1854 215 1900 ”-
274 1844 588 1918 Massiliam,
642 1875 678 1907 x
743 1855 1002 1908 kalendas
1056 1855 1200 1917 maii,
1254 1853 1607 1923 pontificatus
1659 1852 1835 1905 nostri
1880 1871 2021 1903 anno

193 1954 281 1991 ··o.
2091 1929 2093 1931 ³

16 2081 111 2106 ss„
129 2071 135 2090 ³
174 2068 239 2117 1ae
257 2084 511 2116 successeur
530 2072 586 2114 de
606 2071 800 2127 Jacques
823 2071 995 2115 Gilbert
1016 2085 1186 2112 comme
1207 2069 1471 2125 inquisiteur
1491 2070 1547 2111 de
1567 2068 1784 2111 Toulouse
1806 2067 1877 2109 fut
1897 2074 2027 2122 peut-

116 2138 359 2184 &tienne
389 2141 626 2194 Lccombe,
656 2142 769 2183 dont
798 2155 878 2183 nos
908 2142 1170 2183 documents
1203 2140 1301 2181 font
1330 2138 1528 2181 mention
1559 2139 1634 2179 des
1665 2138 1774 2178 1407
1810 2136 1868 2189 (n.
1900 2135 2029 2188 334).

20 2181 43 2234 ἰ
131 2207 370 2254 ξ’Βοίἰιετὰ
401 2210 664 2266 Bosquare13
700 2210 796 2253 voir
828 2226 871 2252 n.
906 2211 1005 2263 321,
1040 2218 1146 2252 note
1178 2211 1218 2251 1.

163 2691 176 2726 ε
214 2716 220 2720 .
524 2705 528 2708 -
788 2722 791 2725 ,

148 2724 187 2781 ‘⁷1
235 2742 296 2804 ιβ
333 2739 493 2806 XIII
532 2741 701 2792 donne
740 2743 773 2790 ἁ
812 2738 1169 2807 l‘inquisiteur
1208 2739 1267 2790 de
1307 2740 1663 2790 Carcassonne
1703 2736 1745 2785 le
1797 2734 2017 2801 ροιινοίι·

329 2823 401 2874 los
438 2822 699 2888 fonctions
738 2824 798 2874 de
838 2841 899 2873 sa
939 2823 1122 2887 charge
1162 2833 1329 2872 contre
1361 2820 1610 2870 certaines
1627 2837 1905 2884 personne-s·
1946 2820 2019 2868 du

265 2905 339 2958 du
368 2906 506 2972 Puy,
537 2906 818 2974 coupables
847 2906 908 2957 de
941 2907 1215 2971 malefice-s,
1249 2905 1308 2955 de
1337 2902 1637 2963 sorcellerie,
1670 2912 1778 2962 etc„
1825 2901 2015 2951 nonob-

152 2988 190 3026 ‘';
216 2987 289 3040 les
329 2988 609 3056 privileges
650 2989 999 3056 apostoliques
1041 3008 1105 3039 en
1147 2999 1289 3038 ver-tu
1317 2986 1547 3052 desquels
1577 2986 1647 3034 les
1678 2983 2020 3048 inquisiteurs

167 3071 179 3130 s
213 3070 365 3140 point
393 3072 438 3123 le
467 3071 603 3124 droit
631 3073 692 3124 de
722 3075 956 3140 pe'ne'trer
985 3074 1119 3123 dans
1150 3090 1201 3122 ce
1232 3071 1443 3122 diocese.
1464 3097 1531 3104 —
1549 3066 1692 3128 Nice,
1729 3067 1791 3117 15
1823 3064 2018 3117 sevrier

377 3285 482 3340 Bag.
502 3286 656 3339 Auen„
678 3294 711 3329 t.
734 3301 885 3329 cccxx
909 3287 1031 3340 (Ben.
1055 3286 1189 3337 XIII,
1211 3300 1253 3326 n.
1275 3284 1363 3336 43),
1385 3284 1459 3325 sol.
1480 3284 1563 3324 309
1585 3286 1655 3330 v⁰3
1679 3281 1834 3332 Eubel,
1854 3279 2019 3331 Avign.

324 3354 549 3410 mediam,
568 3363 672 3409 etc„
694 3371 737 3399 n.
760 3358 843 3399 999
868 3356 1035 3411 (anah),

151 3455 322 3547 ,gli-cto
358 3475 468 3527 filio
492 3475 512 3508 ¹
543 3475 858 3542 inquisitori
892 3476 1127 3530 heretice
1163 3474 1452 3543 pravitatis
1486 3473 1541 3525 in
1574 3470 1800 3524 civitate
1832 3480 1888 3521 et
1905 3467 2019 3522 dio·

158 3550 213 3618 ’,
261 3576 568 3612 rccssonen.
613 3561 900 3627 deputato,
946 3561 1198 3620 salutem,
1243 3569 1346 3608 etc.
1392 3586 1460 3593 —
1502 3557 1672 3621 Super
1716 3553 2019 3606 custodiam

212 3690 215 3693 .
235 3638 559 3709 dominici...
593 3643 731 3696 Sane
760 3661 934 3711 nuper
963 3645 1108 3696 fama
1128 3639 1342 3709 publica
1361 3641 1624 3691 referente
1642 3655 1749 3690 non
1766 3635 1877 3686 sine
1907 3646 2021 3688 cor-'

156 3722 511 3804 Ιυ-,ετίῑιιὰὶιω
543 3727 882 3796 percepimus
916 3725 1059 3795 quod
1093 3743 1159 3778 ex
1187 3742 1251 3778 eo
1286 3723 1410 3790 quia
1429 3731 1682 3789 pretextu
1711 3719 2033 3785 aliquorum-f
