2540 4354
461 370 564 425 332
853 386 1141 435 opttunn
1185 386 1260 419 DE
1307 369 1726 429 L’xnouistrioN
1772 386 2088 430 FRANQAISE

810 501 1028 556 Sappho„
1054 509 1087 543 t.
1114 515 1238 543 xxm
1268 501 1438 556 (Innoc.
1465 502 1546 555 VI,
1572 509 1604 543 t.
1631 500 1682 555 1),
1707 500 1783 543 101.
1810 502 1892 543 127
1920 506 1984 543 νο.

539 625 826 692 Supplicat
863 621 1170 675 Sanctitati
1208 622 1399 673 Vestre
1438 632 1761 688 procurator
1796 612 2134 688 inquisitoris
2183 623 2474 674 Tholosani

450 710 617 777 'quod
662 707 1128 759 examinationem
1173 706 1510 757 confexionis
1533 706 1649 772 (sic)
1670 707 1815 757 facte
1835 725 2018 757 coram
2037 706 2251 758 vicariis
2272 707 2472 758 archie-

469 793 677 861 piscopi
694 803 749 843 et
767 791 1107 858 inquisitoris
1143 791 1374 856 predicti
1409 810 1502 857 per
1536 790 1763 842 fratrem
1813 791 2164 841 Guillelmum
2211 791 2470 844 Bernardi

470 880 536 929 de
587 877 773 939 Podio,
824 876 1026 927 ordinis
1077 876 1370 940 minorum,
1420 886 1475 925 et
1523 875 1880 942 expositionis
1930 876 2073 926 dicte
2123 875 2476 926 confessionis

474 974 528 1012 et
570 963 751 1013 littere
795 980 888 1033 per
931 961 1111 1027 ipsum
1157 959 1314 1010 misse
1335 958 1418 1010 sui
1461 960 1663 1010 ordinis
1710 961 1950 1026 capitulo
1997 959 2248 1025 generali,
2269 977 2473 1011 necnon

475 1058 530 1097 et
549 1046 896 1113 quorundam
945 1045 1209 1095 librorum
1260 1063 1354 1110 per
1402 1045 1583 1111 ipsum
1606 1045 2035 1110 compositorum
2070 1045 2134 1094 de
2155 1053 2476 1110 paupertate

477 1131 676 1182 Christi
708 1149 770 1181 ac
802 1130 1179 1197 apostolorum
1212 1139 1267 1178 et
1300 1130 1366 1179 de
1398 1139 1742 1180 sacramento
1777 1129 1981 1191 altaris,
2015 1129 2070 1179 in
2091 1128 2287 1195 quibus
2309 1128 2474 1180 multa
2534 1119 2537 1121 Δ

477 1215 743 1267 contineri
773 1215 1032 1265 dicuntur
1065 1225 1253 1265 contra
1286 1215 1456 1264 bonos
1490 1233 1664 1264 mores
1696 1224 1751 1263 et
1771 1213 2031 1264 nonnulla
2052 1230 2272 1263 erronea
2294 1222 2476 1265 contra

482 1302 646 1351 fidem
685 1318 809 1350 cum
863 1299 980 1351 aliis
1033 1298 1316 1365 negotium
1373 1299 1500 1349 fidei
1551 1299 1978 1364 tangentibus...
2034 1317 2157 1348 cum
2210 1306 2480 1363 potestate

456 1384 684 1436 ‚citandi
716 1384 771 1435 in
808 1384 965 1436 Curia
1000 1394 1056 1434 et
1089 1394 1244 1436 extra
1283 1383 1499 1434 Curiam
1530 1382 2107 1446 testes,examinandi,
2128 1371 2480 1447 compellendi

475 1471 656 1536 ipsum
690 1480 745 1520 et
778 1469 910 1520 alios
945 1487 1107 1536 super
1141 1468 1416 1535 premissis
1451 1469 1516 1518 de
1552 1468 1784 1519 veritate
1822 1468 2052 1518 dicenda
2087 1465 2243 1518 iuxta
2280 1483 2479 1517 morem

487 1554 859 1621 Inquisitionis
911 1554 1147 1604 heretice
1197 1554 1492 1620 pravitatis
1543 1564 1599 1603 et
1649 1553 1801 1615 alias,
1853 1562 2019 1619 prout
2068 1551 2234 1601 fuerit
2281 1549 2408 1600 iuris
2426 1558 2480 1600 et

462 1639 724 1701 rationis,
765 1639 979 1690 duobus
1019 1639 1084 1689 de
1121 1637 1586 1689 reverendissimis
1626 1638 1876 1704 patribus
1915 1647 1970 1686 et
1989 1636 2222 1686 dominis
2243 1633 2480 1686 cardina·

464 1724 619 1775 'libus
668 1724 1012 1774 committere
1059 1722 1374 1790 dignemini,
1422 1733 1478 1772 et
1524 1741 1618 1788 per
1663 1741 1771 1784 eos,
1820 1721 2022 1772 auditis
2069 1719 2480 1786 allegationibus

479 1820 534 1860 et
588 1809 1006 1876 probationibus
1061 1808 1262 1875 prefati
1281 1808 1647 1874 procuratoris
1703 1817 1892 1858 contra
1948 1807 2207 1870 dogmata
2261 1801 2484 1871 predicti

483 1894 667 1945 fratris
719 1894 993 1944 Guillelmi
1040 1895 1120 1955 B.,
1171 1894 1429 1959 factaque
1478 1892 1634 1942 vobis
1683 1891 1967 1952 relatione,
2032 1899 2252 1940 statuat
2299 1888 2486 1939 eadem

481 1979 756 2030 Sanctitas
796 1979 942 2044 quod
981 1979 1235 2045 placebit.

556 2065 763 2115 Audiat
813 2074 869 2113 et
917 2064 1119 2114 referat
1171 2063 1576 2114 Autisiodoren.
1647 2062 1954 2113 cardinalis.
2027 2062 2087 2112 G.
2155 2089 2223 2095 —
2289 2060 2486 2109 Datum

481 2149 756 2211 Avinioni,
798 2167 920 2198 xvn
961 2148 1066 2199 kal.
1110 2149 1255 2211 maii,
1295 2167 1438 2200 anno
1479 2148 1668 2214 primO.

1311 2583 1657 2642 -215—

563 2750 941 2816 Saus-condicit
976 2768 1110 2815 pour
1145 2749 1280 2799 deux
1316 2747 1542 2798 nolaires
1578 2747 1638 2797 de
1674 2748 2034 2797 Carcassonne
2069 2744 2158 2811 qui
2195 2741 2495 2795 conduisent.

492 2842 525 2888 ὰ
555 2836 806 2902 Avignon
836 2837 905 2886 les
935 2834 1211 2900 fraticelles
1244 2834 1383 2884 Jean
1412 2833 1471 2883 de
1501 2832 1760 2884 Castillon
1789 2842 1834 2881 et
1864 2832 1911 2881 F
1914 2829 2121 2891 ranpois
2150 2828 2210 2879 de
2240 2826 2488 2893 Arquata.

490 2949 558 2959 —
587 2922 856 2986 Avignon,
889 2920 953 2971 19
983 2939 1126 2990 mars
1157 2918 1307 2970 1354.

837 3055 939 3108 Reg.
962 3054 1116 3107 Auen„
1139 3061 1171 3095 t.
1195 3067 1380 3095 cxxvm
1406 3053 1577 3107 (Innoc.
1599 3054 1679 3106 VI,
1702 3061 1735 3096 t.
1758 3051 1879 3106 vm),
1901 3052 1976 3094 fol.
1999 3052 2069 3103 43,
2092 3065 2133 3092 n.
2157 3051 2197 3102 2,
2216 3051 2255 3090 3.

571 3189 703 3238 Ven.
762 3184 1074 3236 fratribus..
1131 3181 1477 3248 patriarchis,
1534 3180 1954 3248 archiepiscopis
2010 3189 2064 3228 et
2108 3173 2387 3244 episcopis,
2433 3187 2490 3222 ac

499 3271 709 3323 dilectis
765 3269 885 3320 filiis
939 3266 1140 3328 electis,
1194 3267 1510 3329 abbatibus,
1563 3266 1851 3332 prioribus,
1905 3262 2142 3325 decanis,
2195 3254 2492 3327 prepositis,

500 3354 914 3416 archidiaconis,
950 3351 1435 3418 archipresbiteris,
1471 3351 1735 3417 plebanis,
1769 3349 2071 3400 rectoribus
2105 3356 2161 3396 et
2193 3344 2306 3396 aliis
2339 3340 2495 3391 eccle·

501 3442 704 3493 siarum
744 3450 799 3490 et
840 3436 1297 3488 monasteriorum
1338 3435 1579 3502 prelatis,
1635 3432 1987 3502 ipsorumque
2021 3425 2492 3494 vicesgerentibus3

503 3525 755 3592 capitulis
804 3532 1124 3590 quoqueet
1172 3521 1533 3571 conventibus
1581 3519 1929 3570 ecclesiarum
1977 3527 2032 3566 et
2052 3510 2492 3566 monasteriorum

496 3615 765 3681 ipsorum,
819 3607 1119 3672 ceterisque
1172 3605 1412 3672 personis
1444 3603 1841 3666 ecclesiasticis,
1875 3599 2205 3653 secularibus
2225 3606 2278 3646 et
2295 3591 2492 3658 regula-

491 3698 670 3757 ·ribus,
720 3692 988 3759 exemptis
1038 3702 1093 3741 et
1142 3709 1250 3741 non
1293 3690 1568 3758 *exemptis
1619 3688 1950 3747 Cistercien.,
2002 3682 2329 3739 Cluniacen.,
2381 3677 2492 3726 Fre-

511 3764 889 3840 monstraten„
932 3786 1248 3828 sanctorum
1290 3774 1573 3826 Benedicti
1613 3784 1669 3824 et
1711 3770 2118 3838 Augustini,'et
2158 3765 2382 3816 aliorum
2421 3773 2494 3808 or·
