2540 4354
431 371 530 423 108
816 391 1102 423 BULLAIRE
1145 390 1219 421 DE
1263 371 1677 431 L’INQUISITION
1721 388 2036 431 FRANQAISE

428 515 666 556 strarum
725 504 1167 570 supradictarum
1224 503 1505 553 tenoribus
1551 503 1854 552 observatis
1877 505 1913 554 ⁷.
1937 504 2181 566 Quarum
2216 504 2432 569 quidem

427 589 740 638 litterarum
759 590 827 639 ad
848 588 1022 638 dictos
1044 589 1334 639 Carnoten.
1355 597 1409 636 et
1430 586 1833 639 Autisiodoren.
1854 587 2134 653 episcopos
2169 598 2224 637 et
2257 588 2432 653 inqui-

430 673 654 724 sitorem
687 684 749 723 ut
782 673 1054 739 prefertur
1087 671 1420 721 directarum
1452 670 1803 733 auctoritate,
1840 671 2095 738 cumipse
2116 673 2437 724 diocesanus

430 758 677 807 nondum
723 756 1017 822 requisitus
1067 755 1277 816 fuisset,
1328 755 1396 804 ad
1447 754 1767 805 citationem
1817 756 2093 806 duntaxat
2126 775 2435 822 processum

431 840 620 891 extitit
661 851 850 890 contra
890 839 1129 890 nobilem
1170 849 1554 889 memoratum.
1600 839 1808 889 Deinde
1846 858 1974 890 vero
2014 840 2333 906 inquisitore
2375 860 2433 891 ac

431 924 600 975 nobili
630 924 856 990 prefatis
888 925 957 974 ad
977 923 1183 973 dictam
1217 923 1411 974 Sedem
1443 923 1829 974 accedentibus
1861 935 1915 974 et
1936 924 2250 974 constitutis
2269 924 2432 974 etiam

435 1009 582 1074 apud
615 1008 810 1074 ipsam,
846 1025 943 1058 nos
978 1007 1224 1057 volentes
1259 1008 1416 1057 iuxta
1452 1007 1786 1071 exigentiam
1820 1008 2067 1074 premissi
2100 1009 2304 1074 negotii
2358 1011 2424 1060 ad

432 1093 900 1144 examinationem
946 1092 1197 1142 veritatis
1252 1103 1308 1142 et
1374 1092 1760 1142 diffinitionem
1799 1093 1969 1143 etiam
2018 1093 2188 1159 ipsius
2234 1094 2437 1158 negotii

432 1196 557 1226 cum
592 1176 778 1227 debita
815 1176 1140 1226 maturitate
1175 1177 1485 1242 procedere,
1522 1194 1631 1226 non
1667 1177 2017 1227 obstantibus
2052 1177 2324 1243 premissis
2343 1195 2434 1228 seu

433 1261 765 1326 quibusdam
805 1260 920 1310 aliis
961 1260 1302 1325 processibus
1341 1271 1460 1310 tam
1500 1270 1627 1309 ante
1659 1265 1836 1326 'quam
1875 1271 2000 1326 post
2038 1261 2435 1310 recusationem
2500 1275 2502 1278 ·

433 1356 487 1394 et
520 1345 913 1410 appellationes
945 1343 1262 1394 huiusmodi
1292 1362 1386 1410 per
1418 1344 1592 1394 dictos
1623 1344 2004 1410 inquisitorem
2036 1356 2090 1394 et
2122 1345 2435 1411 episcopum

440 1428 717 1491 Parisien.,
747 1447 840 1480 seu
869 1428 1001 1478 alios
1032 1446 1408 1494 quoscumque
1437 1429 1777 1494 quomolibet
1804 1429 2008 1479 habitis
2053 1440 2244 1479 contra
2286 1429 2435 1480 nobi-

433 1513 539 1562 lem
574 1513 935 1575 antedictum,
970 1523 1156 1562 totum
1190 1513 1504 1563 huiusmodi
1537 1513 1820 1578 negotium
1854 1532 1915 1563 ac
1950 1513 2131 1563 omnia
2167 1532 2436 1578 emergen-

434 1596 511 1647 tia
550 1608 604 1647 et
641 1597 1009 1663 dependentia
1047 1616 1114 1647 ex
1150 1598 1342 1647 eodem
1379 1616 1541 1663 super
1578 1597 1818 1648 articulis
1858 1597 2110 1648 omnibus
2149 1597 2437 1648 antedictis

436 1682 684 1744 heresim,
722 1682 1056 1748 ydolatriam
1094 1693 1149 1732 et
1179 1682 1453 1747 sortilegia
1501 1693 1618 1732 tam
1646 1682 1932 1748 simplicia,
1982 1702 2148 1748 quam
2211 1683 2436 1732 heresim

438 1767 706 1832 sapientia
739 1766 1026 1816 manifeste
1067 1767 1455 1832 quoquomodo
1493 1766 1849 1830 tangentibus
1889 1768 1957 1816 ad
1991 1785 2087 1816 nos
2125 1778 2178 1815 ct
2210 1785 2435 1818 examen

433 1851 793 1916 apostolicum
825 1852 889 1900 de
934 1852 1251 1901 eorumdem
1294 1851 1529 1901 fratrum
1573 1850 1793 1900 consilio
1838 1862 1893 1900 et
1938 1851 2232 1917 apostolice
2289 1862 2436 1916 pote·

432 1935 592 1986 statis
647 1935 986 2002 plenitudine
1042 1934 1298 1985 duximus
1379 1937 1777 2002 revocandum3
1847 1946 1900 1985 et
1942 1936 2232 1997 voluimus,
2279 1934 2435 1985 dictis

437 2019 777 2086 processibus
865 2038 1218 2085 nequaquam
1307 2019 1676 2081 obstantibUS,
1767 2019 2070 2070 examinari
2143 2021 2207 2070 de
2295 2038 2435 2070 novo

432 2105 667 2154 eundem
689 2103 928 2154 nobilem
951 2123 1111 2170 super
1135 2103 1376 2155 articulis
1400 2103 1745 2169 supradictis.
1773 2105 2005 2170 Ipsoque
2024 2103 2194 2154 nobili
2215 2115 2437 2170 propter

432 2188 534 2237 hoc
580 2189 648 2238 ad
693 2199 940 2238 nostram
985 2187 1318 2254 presentiam
1362 2198 1610 2249 evocato,
1658 2190 1727 2238 ab
1772 2207 1832 2238 eo
1879 2207 2040 2254 super
2084 2199 2274 2238 sancta
2327 2186 2437 2239 'Dei

430 2272 712 2337 evangelia
741 2273 1093 2338 corporaliter
1120 2291 1148 2322 a
1178 2291 1230 2322 se
1258 2282 1410 2322 tacta
1437 2257 1811 2322 iuramentum
1836 2273 2138 2339 recepimus
2182 2274 2246 2322 de
2290 2289 2432 2323 mera

429 2367 484 2405 et
505 2357 660 2421 plena
686 2356 920 2406 veritate
944 2356 1173 2408 dicenda
1195 2375 1356 2422 super
1378 2357 1629 2406 omnibus
1652 2367 1707 2405 et
1728 2356 1949 2421 singulis
1972 2357 2212 2407 articulis
2237 2374 2434 2406 memo-

428 2440 579 2491 ratis.
619 2442 979 2491 Postmodum
1013 2452 1200 2490 autem
1234 2441 1388 2491 vobis
1423 2452 1477 2489 et
1511 2441 1767 2506 predictis
1803 2442 2093 2494 Carnoten.
2129 2452 2182 2490 et
2202 2440 2435 2491 Autisio-

431 2525 618 2578 doren.
681 2525 945 2591 episcopis
994 2525 1048 2575 in
1110 2535 1295 2575 nostra
1359 2525 1631 2590 presentia
1694 2525 2009 2575 constitutis
2073 2525 2434 2590 cognitionem

434 2609 666 2675 predicti
742 2608 947 2674 negotii
1007 2609 1378 2660 commisimus
1439 2611 1655 2660 oraculo
1716 2610 1840 2659 vive
1914 2610 2089 2671 vocis3
2149 2610 2225 2660 ita
2287 2609 2429 2675 quod

431 2712 635 2756 omnes,
671 2705 768 2744 aut
801 2705 928 2756 tres,
965 2705 1063 2744 aut
1097 2695 1204 2744 duo
1241 2695 1304 2743 de
1339 2694 1494 2744 vobis
1530 2705 1584 2744 et
1618 2696 1764 2760 apud
1801 2695 1995 2745 Sedem
2029 2694 2333 2760 predictam
2366 2694 2428 2743 de

430 2778 648 2844 negotio
696 2779 1090 2845 cognosceretis
1138 2780 1356 2841 eodem3
1424 2789 1479 2828 et
1526 2779 2018 2845 quotienscumque
2066 2779 2303 2844 aliquem
2349 2778 2433 2827 vel

430 2863 640 2929 aliquos
676 2881 743 2912 ex
777 2863 932 2913 vobis
969 2866 1155 2914 abesse
1192 2864 1494 2929 contigeret
1529 2863 1620 2913 alii
1654 2875 1878 2928 possent
1912 2881 2006 2929 per
2040 2881 2093 2913 se
2128 2863 2183 2912 in
2218 2861 2431 2927 negotio

429 2947 546 3014 ipso
587 2948 895 3013 procedere,
957 2959 1011 2997 et
1050 2947 1215 2997 iidem
1257 2966 1309 2997 se
1350 2947 1536 2997 taliter
1577 2950 1932 2999 absentantes
1978 2949 2112 2998 illud
2165 2964 2431 2997 resumere

431 3043 486 3082 et
570 3033 624 3082 in
702 3033 793 3082 illo
856 3052 918 3083 ac
1001 3033 1045 3082 si
1113 3052 1400 3098 nunquam
1497 3035 1752 3084 absentes
1831 3031 2061 3081 fuissent
2143 3031 2432 3097 procedere

432 3116 687 3181 quociens
743 3116 1001 3165 existeret
1057 3127 1409 3181 oportunum.
1469 3115 1751 3166 Voluimus
1806 3115 2026 3181 insuper
2079 3126 2134 3164 et
2187 3130 2432 3180 expresse

431 3199 587 3250 vobis
634 3200 902 3266 dictisque
949 3200 1240 3254 Carnoten.
1288 3211 1342 3249 et
1388 3199 2079 3266 Autisiodoren.episcopis
2099 3198 2431 3248 iniunximus

430 3294 492 3332 ut
525 3295 651 3333 ante
685 3284 866 3334 omnia
899 3283 1287 3334 examinaretis
1321 3284 1606 3348 diligenter
1652 3284 1928 3349 prefatum
1975 3283 2212 3332 nobilem
2259 3293 2313 3331 et
2356 3299 2432 3330 re·

430 3368 745 3433 sponsiones
775 3367 1036 3418 audiretis
1064 3367 1232 3434 ipsius
1261 3387 1422 3434 super
1450 3368 1608 3417 dictis
1639 3367 1880 3418 articulis
1900 3385 2060 3433 super
2079 3367 2276 3432 quibus
2294 3366 2430 3415 iura·

429 3452 528 3513 vit,
564 3464 626 3501 ut
659 3453 1017 3518 premittitur,
1055 3471 1236 3503 coram
1270 3453 1425 3503 nobis
1461 3453 1635 3502 dicere
1670 3451 1979 3502 veritatem.
2018 3452 2155 3501 Sane
2190 3449 2429 3516 predicto

428 3536 596 3585 nobili
629 3555 810 3586 coram
843 3537 998 3586 vobis
1032 3548 1086 3586 et
1116 3537 1244 3602 ipsis
1267 3538 1556 3589 Carnoten.
1579 3548 1634 3586 et
1654 3536 2058 3589 Autisiodoren,
2080 3534 2343 3601 episcopis
2374 3532 2426 3582 in

426 3630 612 3668 nostro
641 3620 1001 3671 consistoriali
1028 3621 1239 3671 Palatio
1265 3621 1319 3670 in
1337 3621 1536 3672 iudicio
1558 3620 1862 3670 constituto
1884 3632 1938 3671 et
1958 3639 1987 3671 a
2008 3619 2162 3668 vobis
2189 3630 2242 3668 et
2267 3633 2424 3682 supra

426 3703 670 3768 proxime
706 3704 1003 3754 nominatis
1038 3705 1303 3770 episcopis
1338 3705 1678 3769 interrogato
1727 3723 1851 3754 cum
1902 3703 2199 3768 diligentia,
2250 3712 2303 3751 et
2350 3717 2424 3749 re-

423 3788 727 3850 spondente
759 3787 1014 3837 distincte
1044 3799 1098 3837 et
1127 3789 1470 3854 singulariter
1499 3807 1659 3854 super
1684 3787 1923 3838 articulis
1944 3786 2276 3848 memoratis,
2297 3801 2424 3850 quo·
