2540 4354
362 352 461 403 198
761 371 1046 404 aunuum-3
1083 372 1157 403 DE
1199 353 1616 414 L’JNQUISITION
1659 371 1978 417 FRANg-..usss

362 486 578 536 citation
613 487 788 536 lancee
823 496 994 535 contre
1030 486 1109 536 lui
1158 504 1258 552 par
1309 487 1529 553 l'e'veque
1566 487 1773 549 d'Elnc,
1813 506 1935 537 sous
1981 491 2203 554 pre'texte
2237 489 2370 555 qu’il

362 570 590 634 e'chappe
624 572 662 619 ὰ·
691 570 744 619 la
778 573 1097 635 competence
1131 571 1192 620 de
1240 589 1293 621 ce
1337 572 1519 636 prelat.
1579 600 1648 606 —
1698 571 1968 636 Avignon,
2025 572 2087 623 13
2133 584 2371 639 septem·

360 655 451 704 bre
484 653 635 704 1333.

707 787 813 840 Reg.
839 787 954 838 Vae„
974 794 1007 828 t.
1031 801 1176 840 cxvn,
1197 802 1240 828 n.
1263 787 1366 837 919;
1387 788 1535 841 Vidal,
1554 788 1710 828 Preces
1729 792 1870 829 contre
1886 787 2124 843 Adhe'mar,
2144 804 2188 844 p.
2217 791 2316 832 694.

435 910 848 963 Venerabilibus
896 908 1159 958 fratribus
1210 907 1464 970 Guidoni,
1517 908 1726 970 Elnen.,
1776 919 1831 958 et
1880 909 2139 971 Johanni,
2191 911 2370 976 Maga-

362 1001 538 1049 lonen.
582 993 864 1062 episcopis.
908 1021 978 1027 ——
1022 991 1395 1042 Intelleximus
1438 1010 1612 1058 nuper
1653 993 1799 1058 quod
1840 1003 1920 1055 tu,
1963 993 2149 1056 frater,
2181 995 2370 1047 Elnen.

363 1083 631 1149 episcope,
678 1088 868 1128 contra
913 1076 1153 1127 nobilem
1198 1075 1379 1126 virum
1424 1073 1782 1127 Ademarium
1841 1077 1906 1127 de
1969 1077 2223 1141 Mosseto‚
2283 1089 2376 1129 tue

363 1164 605 1226 diocesis,
644 1180 805 1228 super
841 1158 999 1211 certis
1037 1160 1291 1226 capitulis
1329 1160 1559 1210 heresim
1595 1171 1651 1210 et
1686 1179 1889 1211 errores
1922 1162 2277 1227 tangentibus
2311 1163 2379 1214 de

365 1250 562 1317 quibus
593 1247 706 1314 ipse
725 1255 1010 1311 suspectus
1043 1244 1330 1295 dicebatur
1347 1244 1578 1295 existere
1595 1245 1783 1295 volens
1817 1246 2107 1312 procedere
2126 1256 2188 1296 ut
2220 1247 2376 1298 debe·
2435 1308 2440 1313 ἢ

364 1337 477 1397 bas,
526 1332 759 1382 eundem
806 1329 1062 1391 nobilem,
1110 1339 1228 1379 tam
1274 1329 1459 1394 vigore
1504 1329 1815 1380 litterarum
1861 1340 2192 1394 nostrarum,
2254 1331 2378 1382 inde

364 1418 468 1469 tibi
506 1417 858 1477 directarum,
901 1432 1067 1480 quam
1106 1413 1221 1463 iure
1261 1414 1554 1479 potestatis
1595 1413 1865 1464 ordinarie
1905 1414 2063 1465 citari
2100 1415 2278 1466 fecisti
2317 1427 2379 1467 ut

368 1513 514 1552 certo
553 1501 654 1552 sibi
693 1499 903 1566 prefixo
941 1498 1176 1548 termino
1216 1516 1399 1548 coram
1436 1509 1491 1547 te
1527 1516 1885 1564 responsurus
1924 1499 2082 1550 dictis
2122 1500 2374 1567 capitulis

368 1595 726 1652 compareret.
760 1584 863 1634 Sed
892 1583 1008 1649 ipse
1038 1582 1310 1632 moliendo
1342 1583 1612 1633 declinare
1642 1584 1849 1649 absque
1878 1583 2022 1634 iusta
2053 1595 2107 1634 et
2135 1585 2372 1636 rationa-

369 1671 462 1722 bili
501 1688 663 1721 causa
702 1669 883 1719 forum
921 1678 1083 1717 tuum
1122 1685 1311 1733 parere
1350 1667 1602 1718 citationi
1640 1667 1955 1718 huiusmodi
1992 1687 2101 1718 non
2142 1670 2372 1721 curavit.

371 1756 480 1805 Nos
521 1753 706 1820 igitur,
751 1753 997 1803 volentes
1043 1753 1189 1818 quod
1233 1769 1395 1818 super
1436 1752 1629 1802 eodem
1670 1752 1889 1818 negotio
1933 1771 2067 1818 pure
2109 1772 2170 1804 ac
2212 1754 2371 1817 iuste,

370 1850 615 1890 cessante
649 1838 952 1904 suspitione
989 1837 1252 1902 qualibet,
1291 1837 1636 1902 procedatur,
1658 1847 1731 1899 te,
1752 1837 1938 1899 frater,
1975 1838 2223 1904 episcope
2260 1839 2370 1890 Ma-

370 1926 636 1991 galonen.,
678 1922 733 1973 in
774 1923 966 1972 eodem
1005 1921 1225 1988 negotio
1265 1932 1454 1971 tenore
1495 1921 1832 1987 presentium
1873 1922 2130 1973 duximus
2186 1923 2379 1974 adiun-

370 2011 624 2076 gendum.
648 2008 911 2072 Quocirca
931 2007 1270 2058 fraternitati
1288 2018 1534 2057 vestre...
1558 2007 1956 2058 committimus
1976 2017 2028 2057 et
2054 2010 2377 2060 mandamus

371 2094 649 2160 quatinus,
685 2103 883 2143 vocato
919 2092 1116 2142 dilecto
1154 2091 1300 2141 filio..
1336 2091 1658 2157 inquisitore
1693 2091 1928 2142 heretice
1975 2092 2268 2158 pravitatis
2327 2093 2381 2143 in

370 2179 443 2229 eis
488 2177 737 2245 partibus
782 2176 1116 2228 auctoritate
1159 2176 1460 2243 apostolica
1506 2177 1793 2243 deputato,
1839 2177 1926 2226 vel
1983 2176 2095 2227 eius
2148 2177 2380 2243 vicesge-

373 2274 543 2325 rente,
572 2281 634 2313 ac
659 2281 766 2313 una
795 2280 920 2312 cum
943 2261 1080 2328 ipso,
1107 2261 1162 2311 in
1186 2262 1303 2311 loco
1331 2279 1424 2311 seu
1448 2261 1578 2311 locis
1605 2262 1670 2311 de
1697 2262 1895 2327 quibus
1921 2261 2076 2312 vobis
2103 2261 2382 2313 videbitur

372 2367 482 2399 non
513 2346 797 2413 suspectis,
829 2346 998 2396 etiam
1029 2356 1184 2396 extra
1217 2356 1428 2396 vestras
1459 2346 1547 2395 vel
1576 2345 1799 2397 alterius
1831 2356 2078 2396 vestrum
2120 2344 2372 2397 civitates

373 2443 428 2482 et
461 2431 716 2494 dioceses,
751 2449 913 2497 super
947 2431 1094 2480 dicto
1128 2430 1346 2495 negotio
1380 2430 1536 2481 iuxta
1572 2441 1786 2481 statuta
1822 2449 2094 2480 canonum
2128 2441 2182 2480 et
2216 2430 2378 2496 privi-

372 2517 507 2581 legia
561 2533 812 2566 concessa
864 2515 1038 2565 officio
1095 2515 1469 2580 Inquisitionis
1521 2515 1814 2581 pravitatis
1865 2515 2107 2580 predicte
2158 2516 2380 2565 solerter

374 2611 428 2650 et
474 2600 706 2650 fideliter
748 2600 1038 2666 procedere
1081 2618 1143 2649 ac
1174 2599 1428 2649 exhibere
1459 2599 1926 2664 complementum
1962 2599 2174 2650 iusticie
2205 2600 2379 2649 solum

378 2686 555 2734 Deum
598 2685 851 2736 habendo
894 2703 987 2750 pre
1030 2683 1197 2734 oculis
1240 2683 1528 2735 studeatis.
1572 2712 1642 2718 —
1685 2684 1892 2741 Datum
1934 2681 2209 2746 Avinioni‚
2259 2684 2378 2733 idus

374 2770 718 2836 septembris,
754 2788 897 2819 anno
933 2768 1142 2820 decimo
1178 2779 1394 2821 octavo..

431 2918 470 2958 1.
504 2917 620 2959 Jean
645 2917 701 2959 de
726 2916 897 2966 Vissec;
926 2916 1023 2959 voir
1047 2931 1091 2957 n.
1120 2918 1189 2969 87,
1216 2923 1323 2958 note
1349 2917 1388 2958 2.

429 2989 470 3029 2.
503 2987 589 3029 Gui
618 2988 673 3030 de
702 2985 914 3036 Terrena3
946 2986 1043 3028 voir
1071 3002 1114 3028 n.
1145 2988 1228 3030 125
1261 2987 1340 3039 bis,
1371 2995 1478 3030 note
1506 2988 1545 3028 1.

431 3059 472 3098 3.
507 3057 615 3099 Voir
637 3072 680 3098 n.
705 3058 787 3099 130
815 3058 894 3110 bis,
917 3058 1000 3099 130
1023 3064 1097 3110 ter,
1120 3058 1324 3111 135-136,
1347 3058 1447 3111 139,
1471 3065 1517 3100 et
1538 3064 1667 3100 notro
1689 3058 1900 3100 memoire
1924 3059 2027 3112 deja
2050 3058 2151 3101 cite‘.

1220 3431 1565 3492 -133-

450 3594 521 3643 Le
546 3613 684 3660 pape
711 3613 946 3645 annonce
973 3598 1005 3645 ὰ
1032 3597 1084 3645 la
1110 3595 1251 3645 reine
1278 3596 1337 3645 de
1366 3597 1413 3645 F
1415 3593 1601 3645 rance¹
1622 3615 1717 3661 que
1744 3596 2090 3660 l’archeveque
2105 3595 2164 3644 de
2183 3595 2379 3655 Rouen,

382 3678 561 3728 Picrre
589 3679 756 3744 Roget·
781 3678 818 3741 ²,
848 3679 925 3729 lui
951 3680 1197 3745 fournira
1222 3681 1281 3730 de
1309 3681 1418 3730 vive
1445 3681 1563 3730 νοέω
1589 3692 1749 3730 tontes
1777 3680 1847 3729 les
1874 3679 2218 3745 explications
2251 3679 2380 3729 de'si-

381 3763 548 3812 rables
579 3782 669 3813 sur
699 3765 769 3814 les
800 3783 999 3814 erreurs
1029 3764 1328 3830 professe'es,
1361 3765 1461 3815 soit
1498 3783 1597 3831 par
1646 3765 1871 3815 Thomas
1929 3763 2165 3824 Walleis,
2218 3762 2384 3813 domi--
