2540 4354
446 391 631 424 XXVIII
923 389 1186 422 BULLARE
1222 387 1295 418 DE
1338 369 1706 426 L’NQUSITION
1748 384 2069 429 FRANQAISE

447 503 620 574 [1308.
669 534 738 542 —
782 506 921 556 Jean
980 503 1040 553 de
1100 502 1366 565 Falgosio‚
1427 499 1735 549 lieutenant
1794 498 1859 548 de
1923 495 2160 548 Geoffroi
2220 493 2450 548 d’Ablis.

522 589 744 651 Douais,
778 591 867 640 loc.
900 587 1007 656 cit.]

445 672 601 723 1316-
611 673 761 724 1324.
796 701 866 708 -
896 673 1036 722 Jean
1068 669 1133 719 de
1165 669 1385 718 Beaune
1421 669 1493 733 (n.
1529 667 1613 729 21,
1647 677 1775 716 note
1809 667 1879 732 2).

431 756 621 826 ·[1318,
661 756 811 807 1329.
850 785 919 791 —
954 753 1193 804 Gaillard
1230 753 1294 801 de
1334 750 1564 811 Ροῐῃὶὲε,
1614 750 1923 801 lieutenant
1971 751 2036 800 (18
2085 749 2454 815 l'inquisiteur

517 841 581 890 de
615 841 980 891 Carcassonne
1013 839 1147 887 dans
1166 837 1212 884 18
1233 834 1442 885 diocese
1462 836 1526 884 (18
1549 834 1805 885 Pamiers.
1830 837 1879 887 J.
1888 835 1981 885 -Μ
2006 834 2181 895 Vidal,
2203 835 2272 883 Le
2290 834 2454 884 trzbu

517 926 607 975 nal
631 925 678 974 d’
688 923 1016 990 Inquisition
1041 922 1100 970 de
1127 920 1386 980 Pamiers,
1415 919 1704 979 Toulouse,
1735 918 1887 979 1906,
1915 917 2120 968 extrait
2147 919 2239 967 des
2267 919 2454 968 Anna·

521 1010 591 1059 les
631 1009 691 1058 de
731 1003 1501 1064 Saint-Louis-des·Fr-ancais,
1561 1001 1878 1062 1904-1905‚
1922 1021 1973 1067 p.
2018 1002 2195 1063 72-75‚
2251 1002 2452 1070 84-85.]

449 1092 623 1161 [1317.
646 1092 797 1142 1320.
819 1121 888 1126 —
907 1090 1083 1140 Pierre
1105 1088 1366 1137 d’Arzens
1385 1097 1440 1135 et
1460 1086 1685 1136 Arnaud
1705 1087 1769 1135 (18
1792 1086 2003 1147 Floure,
2023 1085 2358 1136 lieutenants
2380 1086 2453 1152 (Ρ)

521 1177 585 1226 (18
629 1174 997 1240 l'inquisiteur
1036 1173 1101 1222 de
1141 1172 1526 1221 Carcassonne.
1572 1170 1798 1236 D’apres
1841 1170 2046 1231 Mahul,
2087 1170 2452 1220 Cartalaire...

516 1261 588 1310 du
620 1260 816 1310 diocese
850 1259 909 1308 de
945 1259 1323 1318 Carcassonne‚
1361 1253 1931 1316 Carcassonn'e-Pariffi
1970 1253 2288 1315 1857-1882,
2323 1264 2363 1304 t.
2402 1272 2454 1315 v,

448 1344 868 1478 1312455133328—
897 1428 1037 1478 Jean
1071 1427 1381 1491 Duprat—
1326 1467 1382 1472 -.
1417 1426 1474 1476 de
1505 1426 1665 1475 Prato
1711 1426 1782 1490 (n.
1818 1425 1923 1489 74).

450 1511 622 1582 [1325.
657 1541 727 1547 —
757 1512 999 1562 Bernard
1033 1509 1205 1571 Erice,
1239 1509 1548 1560 lieutenant
1582 1510 1647 1559 (18
1684 1510 1823 1560 Jean
1846 1509 2081 1574 Duprat.
2106 1508 2328 1572 Douais‚
2363 1510 2455 1563 loc.

513 1595 618 1665 cit.]

449 1679 621 1751 [1326.
647 1710 716 1717 —
737 1682 961 1732 Arnaud
986 1682 1050 1731 (18
1073 1682 1346 1741 Bellevue,
1372 1681 1594 1744 delegue
1618 1698 1716 1745 par
1739 1679 2055 1744 J.Duprat
2040 1697 2069 1728 a
2095 1678 2456 1744 Montpellier.

523 1765 710 1828 Quetif
734 1777 788 1814 et
819 1756 1051 1827 Echard,
1081 1785 1162 1831 op.
1192 1765 1295 1826 cit„
1323 1775 1363 1814 t.
1393 1784 1428 1826 1,
1458 1784 1508 1830 p.
1539 1764 1680 1832 583.]

449 1849 763 1901 1328-1336.
793 1879 862 1886 -—
891 1850 1059 1900 Henri
1085 1851 1150 1900 (18
1179 1851 1425 1915 Chamay
1458 1873 1513 1890 =
1547 1850 1816 1914 Chamayo
1845 1850 1917 1914 (n.
1946 1849 2030 1910 84,
2059 1859 2187 1898 note
2217 1848 2286 1914 1).

438 1934 784 2003 ‘[1325,1340.
816 1964 885 1970 —-
914 1936 1095 1984 Menet
1125 1935 1189 1984 (18
1223 1936 1555 1995 Robecourt,
1587 1933 1851 1983 chanoine
1882 1934 1947 1982 de
1994 1933 2279 1994 Montre'zal,
2312 1950 2456 1982 com-

519 2018 759 2069 missaire
787 2020 851 2068 de
878 2019 1244 2084 l’inquisiteur
1271 2022 1300 2068 ὲ
1330 2018 1470 2080 Albi,
1491 2021 1522 2068 ὲ
1551 2019 1916 2068 Carcassonne
1944 2028 1999 2067 et
2026 2020 2055 2067 ὲ
2078 2017 2454 2083 Mon'tpellier:

517 2121 568 2153 n.
600 2103 686 2164 28,
713 2114 840 2153 note
871 2104 941 2173 2.]

450 2187 787 2256 [1325-1329.
825 2190 1207 2254 —Raymond
1247 2189 1418 2250 Pelat,
1456 2189 1562 2239 ord.
1600 2189 1798 2254 praed„
1837 2187 2203 2238 commissaire
2240 2188 2305 2238 (18
2339 2186 2458 2237 l’in-

520 2271 786 2336 quisiteur
815 2275 843 2322 ὲ
876 2272 1251 2338 Montpellier:
1282 2294 1334 2326 n.
1367 2273 1449 2335 28,
1480 2284 1608 2323 note
1639 2273 1686 2334 2,
1717 2283 1772 2322 et
1800 2266 1884 2334 88,
1915 2283 2043 2322 note
2073 2273 2145 2340 4.]

450 2355 765 2407 1337-1348.
795 2386 864 2392 —
890 2357 1108 2422 Aymon
1136 2358 1200 2407 de
1230 2358 1503 2408 Caumont
1533 2359 1605 2423 (n.
1638 2357 1754 2419 162,
1783 2367 1911 2406 note
1941 2357 2010 2422 1).

450 2439 601 2491 1350.
630 2470 698 2476 —
727 2441 933 2491 Imbert
959 2442 1024 2491 (18
1052 2442 1202 2504 Sens,
1231 2461 1299 2491 ou
1325 2443 1389 2492 de
1418 2443 1614 2494 Serres.
1645 2443 1701 2492 P.
1728 2443 1959 2506 Bouges,
1987 2441 2223 2492 Histoire
2247 2441 2306 2491 de
2331 2441 2457 2491 Car-

522 2543 789 2587 cassonne,
828 2525 995 2587 Paris,
1034 2526 1186 2588 1741,
1222 2546 1273 2592 p.
1310 2527 1568 2588 470-4713
1605 2527 1809 2588 Mahul,
1847 2528 2126 2586 Cartul.,t.
2163 2545 2214 2575 v.
2251 2544 2302 2590 p.
2338 2525 2456 2575 693.

453 2609 583 2659 1351
613 2610 854 2675 (9)·1354
969 2639 1037 2646 —
1060 2610 1298 2661 Amcdce
1323 2612 1386 2660 de
1429 2611 1666 2676 Langres
1697 2635 1752 2652 =
1795 2611 1855 2660 cle
1893 2609 2156 2675 Lingonis
2197 2611 2269 2675 (n.
2311 2609 2453 2674 216).

452 2691 653 2745 1357...
684 2723 753 2730 —
782 2684 1012 2744 Etienne
1042 2695 1101 2745 de
1130 2695 1365 2746 Ecclesia
1397 2719 1452 2736 =
1501 2695 1565 2745 de
1607 2685 1846 2760 I’Eglise,
1892 2695 2096 2745 Gleizes
2128 2694 2201 2760 (P)
2234 2695 2306 2759 (n.
2338 2693 2457 2755 223,

515 2777 686 2844 note).

454 2863 678 2931 [1357...
722 2893 791 2899 —
830 2864 1063 2923 Arnaud¹
1101 2865 1315 2927 Dclher,
1356 2866 1666 2916 lieutenant
1706 2855 2000 2915 d’Etienne
2056 2863 2115 2913 de
2156 2860 2391 2913 Ecclesia
2430 2866 2459 2913 ὲ

527 2946 869 3013 Montpellier
895 2950 966 3014 (n.
989 2949 1071 3011 28,
1093 2959 1220 2998 note
1241 2950 1311 3015 2).
1336 2949 1611 3011 Germaim
1641 2950 1755 3000 Une
1792 2947 2144 2998 constellation
2181 2946 2459 3013 inquisito-

424 3047 429 3050 ’
524 3031 653 3081 riale
680 3047 750 3081 au
778 3038 906 3082 xwe
932 3032 1098 3095 siecle,
1122 3034 1483 3100 Montpellier,
1515 3034 1667 3096 1857,
1697 3053 1749 3099 p.
1779 3032 2050 3101 330-341.]

458 3115 840 3177 ...1364-1369.
872 3145 941 3151 —
971 3117 1275 3168 Guillaume
1307 3119 1589 3168 Chevalier
1623 3143 1678 3159 =
1717 3117 1918 3168 Militis
1949 3117 2021 3182 (n.
2054 3116 2172 3178 236,
2227 3125 2356 3165 note
2388 3116 2457 3182 1).

424 3218 426 3220 ·
455 3198 628 3268 [1364.
658 3228 727 3235 —
754 3200 799 3249 N
808 3239 909 3262 .....
937 3200 1245 3252 lieutenant
1273 3203 1336 3251 de
1363 3202 1730 3268 l’inquisiteur
1752 3225 1762 3254 :
1782 3220 1833 3252 n.
1864 3201 1982 3262 248,
2011 3200 2152 3268 254.]
2419 3230 2421 3233 -

455 3284 606 3345 1371,
647 3284 798 3334 1387.
837 3313 906 3319 ——
944 3286 1170 3336 Durand
1206 3286 1409 3337 Salvan
1448 3289 1520 3352 (n.
1560 3287 1678 3348 206,
1717 3297 1845 3335 note
1883 3286 1954 3350 3).
1997 3285 2159 3347 Doat,
2196 3294 2237 3335 t.
2277 3302 2458 3347 xxxv,

522 3368 613 3419 fol.
649 3368 874 3418 136-161
918 3388 929 3430 ;
961 3370 1190 3434 Bouges,
1226 3371 1429 3433 Mahul,
1463 3393 1544 3438 op.
1580 3393 1604 3423 c
1627 3383 1657 3422 t.
2359 3402 2361 3404 *

454 3452 604 3502 1376.
639 3481 708 3488 —
738 3452 963 3502 Arnaud
998 3454 1196 3515 Grossi,
1231 3473 1300 3504 ou
1334 3456 1525 3506 Crossi.
1563 3456 1766 3517 Mahul,
1800 3456 1890 3505 loc.
1925 3454 2008 3505 cit.

453 3536 603 3586 1380.
632 3566 700 3571 -
726 3537 859 3587 Paul
886 3537 949 3586 de
979 3538 1180 3588 Nimes.
1211 3540 1413 3601 Mahul,
1443 3541 1531 3591 loc.
1561 3545 1638 3591 cit.

454 3620 604 3670 1383.
638 3649 706 3656 —
737 3620 1007 3670 Matthieu
1039 3621 1376 3673 d’Olmieres.
1413 3624 1615 3686 Mahul,
1648 3624 1738 3674 loc.
1772 3623 1855 3674 cit.

455 3703 620 3754 138...
654 3705 803 3755 1391.
833 3734 902 3740 —-
929 3704 1104 3755 Pierre
1133 3707 1197 3756 de
1227 3708 1504 3773 Bancheyo
1533 3709 1605 3773 (n.
1635 3708 1776 3773 323).

457 3787 750 3857 [...1391...
789 3817 857 3824 —
889 3789 1130 3841 Bernard
1167 3791 1710 3864 deLGaillacmicaire
1747 3793 1812 3842 de
1845 3792 2260 3862 l'inquisiteurh
2282 3783 2458 3845 Moni-
