2540 4354
444 371 541 424 120
827 387 1112 420 BULLAIRE
1155 387 1230 418 DE
1273 369 1691 427 L’momst‘riom
1737 381 2059 427 FRANQAISE

437 506 602 548 double
635 520 780 560 queue
812 506 866 547 de
898 502 1051 558 purch.
1084 515 1188 545 sans
1228 516 1382 551 sceau;
1406 501 1604 553 Hansen,
1625 499 1802 552 Quellen
1822 499 1914 540 und
1949 499 2338 554 Un'tersuchung'en
2373 515 2449 544 zur

442 576 684 618 Geschichte
720 576 792 616 des
828 574 1143 629 Hexenwahns,
1175 591 1220 631 p.
1254 577 1354 627 447,
1388 589 1431 615 n.
1466 573 1506 613 4.

502 661 520 683 «
541 645 762 687 Noverint
783 645 980 687 universi
997 646 1119 700 quod
1136 661 1216 688 nos
1239 644 1438 687 officialis
1456 643 1737 693 Tholosanus
1755 639 1966 692 vidimus,
1988 638 2192 693 legimus,
2223 638 2447 691 tenuimus

437 723 483 757 et
514 715 791 770 inspeximus
823 714 1060 767 diligenter
1090 717 1313 769 quasdam
1345 712 1644 759 confessiones
1677 711 1822 758 factas
1854 724 1935 764 per
1966 709 2152 751 Petrum
2186 710 2448 764 Raymundi
2519 716 2526 719 “

432 784 663 839 δραι-νεώ
688 792 734 826 et
758 784 944 826 Petrum
969 784 1232 836 Engilberti,
1255 774 1455 831 clericos,
1481 796 1571 823 una
1597 780 1992 843 cumquibusdam
2007 780 2384 834 superscriptione
2403 790 2449 824 et

434 853 764 909 subscriptione
802 856 1062 896 earumdem
1100 862 1337 896 contentas
1375 853 1421 894 in
1460 853 1659 906 quodam
1697 851 1809 891 libro
1849 850 1968 891 curie
2007 849 2245 891 criminum
2281 851 2450 893 domini
2524 856 2533 862 ”

434 924 576 966 nostri
592 924 760 966 domini
777 924 1101 979 archiepiscopi
1116 923 1353 966 Tolosani*
1372 918 1561 977 co‘perto
1591 922 1704 975 pelle
1723 921 1869 972 vituli,
1887 920 2076 974 scriptas
2093 934 2231 962 manu
2247 921 2449 975 magistri

435 994 654 1047 Stephani
685 994 915 1035 Brossardi
948 995 1112 1036 notarii
1144 995 1262 1036 dicte
1295 994 1413 1035 curie
1459 992 1717 1041 criminum3
1765 1006 1877 1045 quas
1923 990 2107 1044 quidem
2138 990 2451 1046 confessiones,
2519 1003 2532 1032 ε

435 1056 860 1118 superscriptionem
887 1070 933 1103 et
960 1065 1338 1119 subscriptionem
1366 1065 1610 1107 earundem
1637 1077 1716 1116 per
1745 1061 1931 1103 Petrum
1959 1061 2184 1102 Cellararii
2218 1061 2446 1123 publicum
2518 1101 2534 1122 v,

435 1135 624 1189 Tholose
646 1134 875 1175 notarium
894 1134 1101 1183 abstrahi
1123 1137 1178 1177 de
1199 1135 1322 1183 dicto
1344 1134 1456 1175 libro
1480 1133 1666 1191 fecimus
1690 1139 1736 1173 et
1756 1131 1802 1172 in
1824 1131 2017 1172 formam
2039 1131 2269 1185 publicam
2290 1133 2446 1187 redigi;
2510 1137 2518 1167 ῗ

435 1218 629 1257 quarum
649 1204 832 1258 quidem
853 1205 1200 1258 confessionum,
1225 1203 1615 1260 superscriptionis
1638 1210 1683 1244 et
1703 1201 2044 1265 subscriptionis
2062 1203 2306 1244 earundem
2323 1210 2450 1262 tenor

432 1274 637 1327 sequitur
664 1274 748 1316 sub
777 1273 860 1316 hiis
891 1275 1038 1317 verbis
1069 1288 1078 1317 ε

500 1359 517 1381 «
537 1344 843 1387 Confessiones
876 1344 995 1387 facte
1029 1360 1108 1400 per
1140 1346 1326 1388 Petrum
1360 1344 1623 1399 Raymundi
1657 1343 1884 1398 Sparverii
1917 1351 1963 1385 et
1996 1343 2183 1385 Petrum
2201 1342 2445 1397 Engilberti

435 1414 628 1465 clericos,
657 1413 703 1455 in
721 1414 843 1456 curia
871 1415 1241 1470 archiepiscopali
1260 1417 1466 1458 Tholose.

498 1499 515 1521 «
535 1485 664 1526 Anno
685 1483 866 1526 Domini
883 1486 1291 1539 M0CCC0XX1110,
1327 1487 1397 1528 die
1414 1488 1518 1527 lune
1537 1493 1642 1540 post
1655 1484 1825 1527 festum
1844 1484 2112 1526 Nativitatis
2130 1485 2250 1526 beati
2271 1486 2441 1527 Johan-

435 1556 504 1596 nis
522 1553 745 1609 Baptiste,
782 1556 942 1598 Petrus
959 1555 1223 1610 Raymundi
1242 1557 1484 1611 Sparverii,
1504 1556 1703 1606 clericus,
1721 1556 1896 1597 iuratus
1916 1563 1961 1596 et
1978 1555 2280 1608 interrogatus
2316 1571 2447 1610 super

434 1626 556 1666 facto
584 1625 1158 1681 ymaginumrepertarum
1186 1643 1265 1682 per
1291 1628 1463 1667 curiam
1490 1628 1736 1669 secularem
1762 1625 1808 1666 in
1835 1627 1970 1667 domo
1997 1625 2043 1666 in
2085 1640 2172 1679 qua
2216 1626 2442 1668 inhabitat

436 1695 641 1748 Tholose,
668 1696 786 1738 dixit
811 1704 857 1738 et
882 1698 1110 1739 confessus
1137 1698 1226 1739 fuit
1251 1699 1373 1752 quod
1400 1698 1485 1739 hoc
1511 1712 1630 1739 anno
1657 1697 1857 1750 quadam
1883 1696 1954 1738 die
1971 1697 2026 1737 de
2044 1710 2133 1749 qua
2152 1696 2269 1737 dixit
2284 1711 2329 1738 se
2354 1712 2439 1739 non
2508 1733 2509 1737 ,

435 1767 678 1818 recordari,
709 1782 764 1809 ex
793 1781 884 1822 quo
914 1769 1041 1810 venit
1069 1770 1124 1810 de
1153 1769 1277 1811 curia
1304 1782 1492 1810 romana
1521 1768 1730 1810 dominus
1747 1767 1869 1821 prior
1898 1767 2044 1808 sancti
2061 1766 2354 1821 Supplicii**,
2371 1769 2445 1822 qui

443 1837 486 1878 in
505 1839 638 1878 domo
670 1837 809 1891 ipsius
841 1839 1108 1892 deponentis
1139 1840 1419 1891 morabatur,
1451 1839 1497 1879 in
1529 1852 1704 1880 camera
1736 1837 1954 1891 superiori
1984 1845 2151 1879 secrete
2183 1852 2286 1879 cum
2313 1837 2445 1881 Petro
2518 1894 2521 1897 ι

442 1907 704 1961 Engilberti,
734 1907 950 1962 magistro
982 1909 1115 1950 Petro
1147 1910 1280 1951 Fabri
1300 1918 1346 1951 et
1366 1910 1598 1963 quondam
1614 1909 1827 1949 scutifero
1845 1922 1926 1950 suo
1945 1909 2142 1962 quodam
2163 1916 2325 1950 vocato
2343 1909 2445 1950 Ber·
2515 1905 2521 1907 “

439 1979 601 2020 trando
636 1977 922 2032 loquebatur.
963 1979 1024 2020 Et
1058 1994 1162 2020 cum
1198 1995 1278 2033 per
1312 1994 1504 2034 pausam
1553 1979 1617 2021 ita
1653 1987 1820 2020 secrete
1855 1978 2036 2032 loquuti
2070 1978 2276 2032 fuissent,
2310 1979 2446 2022 finitis

438 2047 546 2101 ipsis
567 2047 714 2089 verbis
748 2062 824 2089 seu
861 2048 1044 2090 consilio
1078 2049 1196 2090 inter
1231 2048 1366 2101 ipsos,
1391 2056 1436 2090 et
1475 2047 1810 2089 descendissent
1849 2046 2048 2099 inferius,
2082 2048 2175 2102 ipse
2220 2048 2443 2101 deponens

437 2115 736 2169 interrogavit
786 2116 938 2171 ipsum
987 2119 1224 2161 dominum
1257 2120 1451 2174 priorem
1499 2119 1751 2161 cuiusmodi
1786 2118 2022 2160 consilium
2041 2119 2101 2160 sic
2133 2127 2300 2161 secrete
2330 2118 2447 2163 inter

437 2203 483 2229 se
506 2188 776 2230 habuerant.
803 2188 890 2240 Qui
913 2189 1123 2232 dominus
1146 2190 1269 2244 prior
1290 2191 1524 2245 respondit
1548 2198 1594 2232 et
1617 2190 1734 2232 dixit
1757 2205 1767 2231 z
1795 2189 1943 2231 Nichil
1980 2191 2039 2232 ad
2078 2198 2137 2243 te,
2171 2190 2278 2245 quia
2310 2198 2362 2233 tu
2401 2205 2444 2233 es

435 2259 502 2300 ita
528 2259 697 2312 loquax
725 2260 847 2313 quod
873 2259 1010 2301 nichil
1036 2268 1168 2314 potes
1193 2269 1361 2303 secrete
1388 2269 1552 2303 tenere.
1582 2262 1751 2302 Tamen
1779 2260 1814 2302 si
1842 2268 1894 2302 tu
1922 2261 2055 2302 velles
2093 2274 2185 2303 esse
2232 2261 2372 2303 fidelis
2399 2269 2443 2303 et

434 2336 584 2370 tenere
612 2337 778 2370 secrete
806 2343 885 2382 ego
913 2330 1025 2371 bene
1052 2330 1244 2372 dicerem
1272 2330 1368 2373 tibi.
1400 2332 1460 2373 Et
1501 2340 1609 2373 tunc
1650 2331 1745 2385 ipse
1788 2332 2033 2385 deponens,
2068 2331 2286 2385 promisso
2320 2333 2438 2387 quod
2465 2354 2468 2358 ·

434 2399 602 2440 nemini
637 2399 871 2452 revelaret,
908 2414 1063 2453 ymmo
1099 2409 1266 2443 secrete
1303 2410 1477 2443 teneret
1511 2402 1728 2456 quicquid
1747 2401 1831 2444 sibi
1847 2402 2031 2453 diceret,
2050 2402 2198 2444 dictus
2234 2402 2438 2444 dominus

434 2469 557 2523 prior
584 2469 702 2510 dixit
719 2469 802 2511 sibi
821 2470 1099 2512 ostendendo
1119 2473 1351 2525 quandam
1367 2472 1543 2526 peciam
1559 2472 1821 2526 pargameni
1839 2472 1885 2513 in
1902 2486 1991 2526 qua
2011 2481 2107 2513 erat
2123 2472 2303 2527 depicta
2337 2487 2442 2527 que-

437 2542 544 2581 dam
570 2554 735 2594 ymago
762 2542 821 2582 ad
848 2540 1038 2594 effigiem
1063 2542 1257 2584 hominis
1279 2555 1288 2585 :
1319 2543 1415 2596 Ego
1441 2543 1660 2597 loquebar
1686 2543 1820 2584 Petro
1849 2542 2098 2596 Engilberti
2126 2545 2247 2596 quod
2265 2542 2440 2598 perqui-

435 2618 553 2651 reret
581 2609 719 2652 michi
749 2624 892 2652 unum
921 2611 1154 2653 hominem
1185 2612 1262 2666 qui
1293 2621 1460 2654 secrete
1492 2613 1688 2655 talliaret
1718 2612 1855 2654 michi
1886 2627 2029 2654 unum
2058 2614 2191 2655 molle
2221 2615 2276 2655 ad
2296 2613 2445 2663 simili-

438 2680 644 2722 tudinem
674 2680 805 2723 istius
835 2681 1059 2736 ymaginis
1090 2682 1137 2724 in
1167 2683 1337 2737 lapide3
1372 2692 1417 2725 et
1448 2699 1612 2737 ymago
1645 2686 1699 2725 de
1731 2683 1918 2738 plumbo
1950 2698 2089 2738 quam
2121 2683 2165 2724 in
2197 2683 2294 2737 ipso
2312 2685 2444 2726 molle

435 2750 652 2793 faciemus
678 2751 953 2805 loqueretur,
980 2760 1034 2794 ut
1059 2752 1170 2795 dicit
1189 2754 1348 2795 Petrus
1368 2754 1517 2807 Fabri,
1536 2756 1671 2795 semel
1687 2754 1733 2795 in
1751 2769 1902 2796 mense
1919 2754 2107 2795 dicendo
2128 2754 2366 2796 veritatem
2383 2755 2436 2796 de

435 2820 520 2863 hiis
539 2835 627 2876 que
644 2829 860 2875 petentur
876 2822 933 2863 ab
952 2835 1004 2865 ea
1022 2837 1030 2863 :
1052 2822 1117 2865 ita
1136 2825 1258 2878 quod
1277 2823 1396 2866 dicet
1414 2825 1542 2866 nobis
1563 2824 1803 2866 veritatem
1821 2824 2034 2878 alquimie
2065 2824 2108 2864 in
2143 2839 2233 2878 qua
2265 2832 2442 2867 tantum

435 2891 757 2934 laboravimus.
795 2893 911 2934 Item
944 2901 990 2935 et
1023 2893 1144 2935 dicet
1174 2894 1313 2937 etiam
1343 2895 1472 2936 nobis
1506 2894 1761 2948 veritatem,
1793 2894 1830 2936 si
1863 2894 1951 2936 filie
1983 2894 2258 2937 vicecomitis
2288 2895 2445 2936 Bruni-

432 2961 572 3017 quelli
591 2961 674 2988 ***
696 2963 884 3005 fuerunt
902 2963 1140 3017 potionate
1162 2964 1363 3019 (Hansen
1383 2981 1391 3006 :
1411 2972 1635 3019 patronam
1652 2965 1702 3019 !);
1723 2980 1829 3007 nam
1846 2965 1993 3007 dictus
2027 2965 2272 3007 vicecomes
2305 2966 2443 3007 credit

434 3033 556 3085 quod
573 3031 759 3074 fuerunt
775 3032 1012 3086 potionate
1029 3041 1075 3075 et
1095 3034 1290 3088 'rogavit
1307 3049 1379 3076 me
1395 3035 1619 3077 instanter
1635 3037 1757 3089 quod
1791 3035 1935 3077 modis
1961 3035 2169 3077 omnibus
2186 3035 2342 3077 scirem
2359 3034 2439 3077 sibi

438 3101 692 3144 veritatem.
729 3103 846 3143 Item
877 3102 995 3145 dixit
1026 3105 1149 3158 quod
1181 3105 1330 3147 dictus
1363 3105 1524 3147 Petrus
1558 3105 1808 3159 Engilberti
1839 3105 1947 3147 fecit
1980 3105 2075 3146 fieri
2107 3105 2280 3147 dictum
2310 3105 2440 3147 molle

434 3172 567 3214 Petro
597 3173 863 3223 Calhavelli;
892 3172 938 3214 in
967 3187 1058 3228 quo
1085 3175 1219 3216 molle
1236 3175 1423 3217 fuerunt
1449 3176 1569 3217 facte
1599 3184 1687 3217 tres
1715 3175 1948 3229 ymagines
1976 3183 2160 3217 tantum
2186 3177 2243 3217 de
2258 3175 2442 3231 plumbo

435 3257 517 3296 pro
547 3241 742 3296 assagio;
775 3257 887 3296 quas
917 3243 1151 3297 ymagines
1180 3244 1276 3298 ipse
1305 3245 1516 3287 dominus
1547 3245 1669 3299 prior
1699 3245 1851 3300 posuit
1881 3245 1926 3286 in
1945 3246 2096 3299 archa,
2115 3245 2242 3288 cuius
2274 3246 2442 3288 clavem

432 3312 518 3354 sibi
547 3312 799 3362 tradiderat
826 3321 973 3355 mater
999 3313 1139 3368 ipsius
1168 3315 1453 3369 deponentis,
1484 3323 1537 3357 ut
1565 3316 1694 3357 dixit.

503 3382 701 3424 «Petrus
732 3382 996 3436 Engilberti,
1027 3383 1210 3425 clericus
1240 3385 1446 3436 Tholose,
1475 3384 1651 3427 iuratus
1682 3393 1727 3426 et
1756 3384 2059 3439 interrogatus
2081 3401 2216 3440 super
2233 3385 2442 3441 predictis

432 3453 580 3494 dicere
605 3451 863 3504 veritatem,
889 3452 1008 3494 dixit
1032 3452 1078 3494 in
1105 3454 1269 3495 ess'ectu
1294 3454 1414 3496 idem
1440 3456 1562 3509 quod
1589 3454 1737 3497 dictus
1764 3455 1924 3497 Petrus
1951 3455 2234 3509 Raymundi;
2263 3464 2308 3499 et
2325 3456 2442 3510 quod

439 3522 536 3576 ipse
561 3523 747 3577 loquens
774 3522 882 3563 fecit
911 3522 1005 3564 fieri
1031 3523 1205 3565 dictum
1229 3525 1363 3566 molle
1389 3527 1446 3566 ad
1474 3538 1624 3579 preces
1651 3524 1761 3566 dieti
1787 3525 1956 3566 domini
1983 3525 2140 3579 prioris
2168 3527 2289 3568 dicto
2316 3527 2444 3567 Petro

435 3593 701 3642 Calhavelli;
731 3601 778 3634 et
804 3595 926 3646 quod
954 3593 1102 3636 dictus
1132 3594 1291 3636 Petrus
1320 3595 1454 3637 Fabri
1481 3594 1613 3648 dixit,
1640 3595 1739 3649 ipso
1767 3597 2020 3649 deponente
2048 3596 2260 3638 audiente
2287 3604 2332 3639 et
2348 3595 2442 3650 ipso

430 3662 614 3703 domino
637 3662 798 3716 priore,
821 3664 943 3716 quod
965 3662 1060 3717 ipse
1079 3663 1280 3706 habebat
1301 3673 1446 3707 artem
1467 3680 1571 3707 cum
1591 3680 1683 3719 qua
1703 3666 1827 3719 loqui
1846 3667 2012 3707 faceret
2033 3666 2265 3718 ymagines
2280 3664 2326 3706 in
2344 3665 2440 3719 ipso

426 3733 562 3774 molle
605 3736 766 3785 factas,
797 3734 907 3774 dum
938 3741 1092 3775 tamen
1123 3735 1282 3777 fierent
1310 3736 1394 3777 sub
1424 3735 1576 3777 debita
1607 3735 1968 3786 constellatione;
2001 3744 2046 3778 et
2074 3739 2194 3790 quod
2218 3736 2443 3790 ymagines

431 3802 525 3856 ipse
557 3803 756 3845 dicerent
788 3811 833 3845 et
864 3804 1121 3846 revelarent
1153 3805 1213 3847 eis
1246 3806 1511 3848 thesaurum
1543 3805 1862 3848 absconditum
1895 3806 1939 3847 in
1960 3807 2167 3861 partibus
2184 3806 2293 3849 istis.
2315 3805 2440 3847 Dixit
