2540 4354
410 389 515 443 230
820 405 1111 438 BULLAIRE
1150 405 1224 436 DE
1261 384 1679 445 L’INQUISITION
1720 403 2039 446 FRANQAISE

413 540 757 588 corrumpere
797 531 1061 586 satagunt
1101 531 1156 570 et
1198 519 1329 570 alios
1370 520 1427 569 in
1467 538 1670 570 errores
1711 520 1966 570 inducere
2007 537 2117 570 non
2158 517 2270 569 sine
2312 539 2429 585 gra-

412 608 575 657 vibus
611 605 863 672 periculis
899 604 1222 667 moliuntur,
1256 621 1354 654 nos
1390 604 1602 655 obviari
1633 604 1835 654 eisdem
1882 604 2131 671 periculis
2166 623 2227 654 ac
2260 604 2432 655 faveri

415 701 471 740 et
516 688 796 740 observari
839 686 1216 738 sinceritatem
1260 687 1429 754 ipsius
1477 687 1604 738 fidei
1647 688 1944 754 cupientes,
1992 689 2057 738 de
2101 698 2191 738 tue
2214 706 2430 754 quoque

419 772 700 825 fidelitatis
764 782 819 822 et
883 771 1384 838 circumspectionis
1447 771 1716 822 industria
1781 773 1998 839 plenam
2074 772 2130 823 in
2196 771 2429 822 Domino

420 856 679 908 fiduciam
721 855 1052 917 obtinentes,
1096 855 1409 906 discretioni
1448 866 1540 906 tue
1582 857 1843 906 adversus
1885 873 2259 923 quascumque
2312 875 2428 923 per-

418 960 577 992 sonas
609 939 1005 991 ecclesiasticas
1037 940 1126 989 vel
1156 941 1483 1001 mundanas,
1516 941 1789 1006 religiosas
1812 941 2180 992 velseculares
2200 941 2262 990 de
2281 941 2428 990 here-

417 1027 505 1087 sis,
556 1024 846 1086 scismatis,
897 1024 1312 1087 maleficiorum,
1362 1025 1685 1086 factionum,
1735 1026 2132 1092 sortilegiorum
2179 1027 2265 1075 vel
2314 1025 2428 1076 aliis

418 1109 733 1160 criminibus
780 1109 945 1159 fidem
989 1109 1295 1175 predictam
1338 1111 1695 1175 tangentibus
1751 1122 2049 1178 suspectas,
2095 1111 2425 1172 diffamatas,

418 1195 505 1243 vel
543 1195 772 1256 delatas,
830 1193 1221 1260 cuiuscumque
1284 1205 1481 1256 statuS‚
1535 1195 1754 1258 ordinis,
1804 1195 2091 1261 religionis,
2147 1195 2428 1261 dignitatis

416 1280 506 1328 vel
541 1278 872 1329 conditionis
906 1278 1171 1340 existant,
1204 1298 1365 1346 super
1396 1280 1496 1330 hiis
1530 1298 1827 1347 eorumque
1860 1281 2080 1346 singulis
2107 1281 2193 1330 vel
2223 1299 2284 1331 ea
2302 1299 2431 1347 quo·

418 1362 720 1413 modolibet
770 1363 1126 1428 tangentibus
1178 1363 1490 1445 inquirendi
1539 1375 1594 1414 et
1645 1364 1973 1432 procedendi
2023 1383 2222 1431 easque
2274 1365 2430 1415 corri-

421 1447 583 1511 gendi
616 1457 672 1497 et
706 1445 970 1514 puniendi
999 1446 1158 1498 iuxta
1193 1448 1501 1499 sanctiones
1538 1449 1825 1500 canonicas
1860 1461 1916 1499 et
1948 1449 2227 1516 privilegia
2262 1449 2433 1500 officio

427 1531 807 1598 Inquisitionis
846 1533 1083 1583 heretice
1124 1534 1417 1599 pravitatis
1459 1553 1711 1585 concessa
1750 1535 1806 1585 in
1843 1536 2032 1586 eadem
2068 1534 2213 1585 curia
2253 1545 2308 1584 et
2346 1535 2439 1585 ubi

422 1635 521 1667 nos
563 1617 848 1678 fuerimus,
890 1627 945 1667 et
984 1618 1087 1667 alia
1129 1618 1366 1669 faciendi
1404 1630 1458 1668 et
1496 1604 1783 1670 exercendi
1821 1638 1923 1685 que
1963 1620 2102 1671 circa
2120 1621 2217 1670 hec
2238 1619 2439 1669 fuerint

425 1703 843 1771 quomodolibet
882 1713 1183 1768 oportuna3
1223 1715 1278 1753 et
1316 1703 1538 1770 insuper
1575 1715 1743 1755 testes
1784 1715 2072 1771 propterea
2109 1703 2434 1754 necessarios

425 1805 607 1836 coram
649 1797 704 1835 te
747 1786 957 1836 citandi
997 1805 1091 1853 per
1130 1788 1375 1849 nuncios,
1419 1789 1504 1838 vel
1544 1789 1772 1850 litteras,
1815 1800 1931 1840 tam
1971 1789 2026 1839 in
2057 1790 2247 1839 eadem
2288 1787 2432 1838 curia

423 1890 589 1937 quam
617 1883 775 1922 extra
804 1890 952 1933 eam3
981 1891 1193 1923 necnon
1220 1873 1293 1923 eis
1323 1875 1388 1923 de
1417 1875 1612 1939 quibus
1640 1874 1743 1924 tibi
1768 1873 2064 1936 videbitur,
2094 1875 2186 1939 qui
2211 1884 2432 1940 propter

422 1956 684 2022 premissa
730 1958 816 2006 vel
862 1974 1050 2007 eorum
1096 1957 1279 2023 aliqua
1326 1959 1530 2010 fuerint
1575 1960 2153 2011 excommunicationis
2214 1958 2429 2009 vinculo

419 2039 690 2102 innodati,
719 2041 1080 2092 absolutionis
1108 2044 1435 2094 beneficium
1473 2045 1629 2094 iuxta
1657 2045 1908 2094 -formam
1948 2044 2183 2094 Ecclesie
2221 2045 2431 2111 impen-

420 2126 586 2176 dendi
603 2135 658 2175 et
675 2125 989 2190 invocandi,
1010 2127 1266 2192 quotiens
1296 2140 1521 2195 propter
1538 2129 1784 2195 predicta
1819 2146 1954 2196 opus
1985 2129 2249 2193 extiterit,
2281 2129 2431 2179 auxi-

418 2210 550 2260 lium
570 2211 779 2261 brachii
796 2211 1068 2262 secularis.
1089 2213 1548 2276 Contradictores,
1568 2225 1669 2264 etc.
1693 2216 1814 2265 Non
1833 2214 2180 2265 obstantibus
2211 2213 2432 2280 quibus-

369 2342 374 2346 .
417 2295 497 2346 vis
522 2296 885 2363 exemptionis
907 2297 995 2347 vel
1011 2297 1127 2348 aliis
1154 2298 1466 2364 privilegiis,
1503 2299 1688 2364 gratiis
1709 2309 1764 2348 et
1793 2299 1986 2350 litteris
2005 2298 2314 2367 apostolicis
2333 2301 2430 2349 sub

433 2397 779 2447 quacumque
796 2382 970 2433 forma
988 2384 1075 2432 vel
1092 2383 1436 2450 expressione
1454 2386 1746 2435 Verborum
1778 2384 2213 2450 quibuscumque
2251 2401 2429 2450 perso-

415 2464 497 2514 nis
516 2466 603 2515 vel
619 2466 749 2516 locis
778 2466 1038 2532 religiosis
1071 2469 1159 2517 vel
1201 2469 1532 2520 secularibus
1563 2471 1632 2520 ab
1662 2470 1962 2536 apostolica
1996 2469 2130 2520 Sede
2149 2469 2428 2529 concessis,

417 2549 642 2601 etiamsi
682 2552 747 2601 de
786 2551 888 2602 illis
929 2562 1073 2602 esset
1112 2553 1358 2620 specialis
1398 2564 1453 2603 et
1490 2572 1744 2621 expressa
1785 2555 1850 2603 de
1887 2557 2053 2605 verbo
2093 2555 2163 2606 ad
2201 2556 2428 2604 verbum

418 2635 473 2684 in
522 2636 867 2701 presentibus
917 2638 1122 2688 mentio
1172 2639 1442 2703 facienda,
1493 2658 1585 2690 seu
1634 2640 1677 2690 si
1723 2639 1996 2705 aliquibus
2026 2642 2166 2704 [eta]
2211 2641 2425 2706 plenam

419 2720 767 2771 concedimus
806 2731 994 2772 tenore
1031 2723 1748 2788 presentium-facultatem.
1789 2756 1857 2761 —
1910 2727 2116 2776 Datum
2156 2720 2427 2783 Avinioni,

421 2823 494 2853 xv
530 2805 790 2857 kalendas
824 2805 956 2868 iulii,
992 2827 1134 2858 anno
1170 2811 1422 2860 secundo·

476 2974 516 3016 1.
551 2975 605 3015 Ν.
633 2976 733 3028 150,
758 2983 865 3018 note
888 2978 930 3018 3.

1276 3367 1597 3426 ...154-

495 3528 733 3579 Citation
768 3529 941 3580 lance'e
976 3541 1145 3580 contre
1184 3530 1362 3581 Menet
1395 3531 1454 3581 de
1491 3532 1791 3593 Robe'court,
1829 3530 2185 3581 commis-§aire
2219 3530 2277 3580 de
2311 3529 2426 3579 L’in-

425 3613 682 3677 quisiteur
719 3614 779 3664 de
816 3616 1193 3677 Carcassonne,
1233 3619 1265 3665 ὰ
1302 3614 1453 3680 Ζέῆει
1491 3616 1795 3681 d’insormer
1845 3618 1887 3666 le
1924 3635 2060 3682 pape
2098 3635 2168 3665 αιι
2204 3614 2335 3679 sajet
2371 3614 2426 3663 de

424 3701 600 3760 proces
650 3696 867 3748 intentes
916 3702 948 3747 ὰ
995 3698 1217 3749 certain-3
1270 3700 1539 3764 bourgeois
1587 3700 1785 3751 d’Albi.
1819 3730 1887 3736 -—
1918 3699 2422 3762 Pont—de-Sorgues,

425 3779 486 3829 31
526 3779 702 3844 juillet
741 3782 889 3833 1336.

2537 3671 2540 3766 l

2535 3781 2540 3871 l

2533 3890 2538 3999 1
