2540 4354
425 375 527 428 268
818 393 1103 427 BuLLAtnE
1147 395 1221 426 DE
1263 376 1682 436 L’momsirioN
1726 395 2045 438 BRANQAlsE

429 510 738 560 dimentum
772 509 977 574 negotii
1015 509 1141 559 fidei
1174 519 1229 559 et
1264 509 1424 560 officii
1459 510 1603 560 dicte
1645 510 2019 576 Inquisitionis
2054 521 2109 560 et
2143 511 2438 562 fautoriam

429 593 792 644 hereticorum
834 594 1140 644 redundare
1184 593 1421 656 dicebat,
1467 596 1735 660 quosdam
1779 614 2059 661 processus
2103 596 2439 646 formaverat

428 689 483 728 et
513 678 717 728 fecerat
747 688 937 728 contra
968 678 1179 728 dictum
1212 678 1515 729 Giraudum
1546 698 1707 745 super
1737 679 1836 729 hiis
1867 679 2192 745 inquirendo
2223 691 2278 730 et
2307 699 2438 730 non-

428 763 603 813 nullos
642 772 808 812 testes
846 762 1175 828 recipiendo,
1214 763 1505 829 ipsumque
1544 774 1833 830 propterea
1871 764 2248 830 multipliciter
2285 765 2440 815 diffa-

430 848 631 897 mando
670 857 724 896 et
761 846 893 897 alias
931 848 1182 912 expensis
1219 859 1276 897 et
1311 849 1590 899 laboribus
1629 850 2026 914 pregravandO.
2070 851 2297 914 Propter
2338 867 2438 914 quc

432 950 526 981 nos
596 931 943 981 intendentes
1003 951 1125 981 cum
1184 933 1441 998 predictis
1498 933 1775 983 Bernardo
1834 934 1899 982 de
1958 933 2157 994 Grava,
2221 932 2440 995 Pontio,

432 1016 689 1076 Giraudo,
751 1016 1029 1066 Bernardo
1093 1016 1451 1067 Austruconis
1514 1028 1568 1066 et
1632 1018 1881 1067 Duranto
1944 1035 2106 1083 super
2164 1016 2439 1067 nonnullis

431 1100 590 1150 certis
642 1100 895 1165 negociis,
948 1111 1003 1150 et
1053 1102 1249 1152 deinde
1300 1103 1546 1152 volentes
1599 1121 1722 1151 cum
1774 1102 1920 1152 dicto
1975 1103 2229 1152 Menneto
2281 1120 2442 1167 super

431 1185 634 1234 eisdem
687 1186 1028 1250 processibus
1083 1197 1273 1237 contra
1327 1187 1490 1252 ipsos,
1546 1197 1607 1236 ut
1660 1187 1964 1248 dicebatur,
2019 1187 2178 1237 factis
2235 1186 2444 1251 plenius

430 1270 731 1332 informari,
776 1270 950 1321 dictos
996 1272 1333 1332 Mennetum,
1377 1271 1674 1333 notarium,
1719 1272 2043 1336 magistrum
2084 1271 2444 1330 Bernardum,

434 1355 709 1416 Pontium,
757 1355 1117 1418 Guiraudum,
1161 1357 1502 1407 Bernardum
1546 1356 1864 1406 Astruconis
1909 1367 1963 1405 et
2008 1357 2339 1417 Durantum,
2377 1355 2443 1406 ad

431 1450 677 1491 nostram
712 1441 1044 1506 presentiam
1078 1441 1304 1491 fecimus
1339 1442 1697 1506 personaliter
1728 1441 1945 1493 evocari
1973 1441 2009 1491 ⁶.
2048 1441 2255 1504 Quibus
2318 1441 2440 1489 Ber·

432 1526 603 1574 nardo
645 1526 710 1574 de
753 1525 952 1588 Grava,
998 1526 1212 1588 Pontio,
1257 1525 1515 1587 Giraudo,
1556 1527 1834 1576 Bernardo
1877 1525 2197 1575 Astruconis
2236 1535 2292 1573 et
2335 1525 2442 1573 Du-

431 1619 591 1659 ranto
634 1611 702 1659 ad
745 1610 951 1661 dictam
994 1611 1201 1661 curiam
1242 1611 1590 1662 venientibus
1633 1611 1890 1675 dictoque
1914 1611 2209 1680 *Menneto,
2236 1627 2444 1658 necnon

435 1694 660 1758 prefatis
699 1695 977 1746 Bernardo
1017 1697 1083 1745 de
1125 1697 1324 1757 Grava,
1368 1695 1626 1757 Giraudo,
1667 1714 1729 1746 ac
1767 1696 2044 1745 Ber-nardo
2086 1692 2442 1744 Austruconis

436 1777 491 1828 in
523 1779 843 1830 consistorio
878 1799 1060 1830 coram
1095 1780 1249 1831 nobis
1281 1780 1640 1846 personaliter
1672 1779 2007 1840 constitutis,
2041 1798 2102 1830 ac
2147 1798 2240 1844 per
2272 1778 2442 1827 dictos

432 1864 774 1914 Bernardum
807 1866 873 1915 de
909 1865 1089 1916 Grava
1123 1876 1178 1915 et
1214 1865 1556 1916 Guiraudum
1590 1884 1685 1914 suo
1720 1876 1775 1914 et
1809 1864 2176 1930 quarumdam
2210 1864 2438 1915 aliarum

435 1967 791 2013 personarum
827 1949 1067 2000 civitatis
1102 1950 1345 2000 eiusdem
1377 1950 1615 2011 nomine,
1652 1960 1842 2000 contra
1877 1949 2094 1999 dictum
2129 1949 2445 1998 Mennetum

436 2033 728 2099 propositis
774 2034 960 2084 multis
1006 2035 1168 2085 variis
1214 2045 1269 2083 et
1313 2034 1558 2096 diversis,
1604 2045 1658 2084 et
1702 2052 1796 2099 per
1840 2034 2051 2083 dictum
2123 2034 2438 2084 Mennetum

435 2117 503 2166 ad
555 2117 836 2182 proposita
884 2118 1000 2184 ipsa
1049 2118 1493 2184 responsionibus
1543 2118 1876 2179 subsecutis3
1928 2136 2022 2167 nos
2072 2118 2269 2167 dilecto
2335 2116 2441 2167 filio

435 2211 622 2251 nostro
669 2202 975 2252 Bertrando
1020 2203 1056 2264 ⁷,
1107 2203 1157 2253 S.
1210 2204 1376 2254 Marie
1423 2203 1478 2253 in
1526 2203 1732 2268 Aquiro
1782 2203 2013 2253 diacono
2064 2201 2345 2262 cardinali,
2393 2201 2446 2251 in

435 2286 582 2335 dicto
639 2287 958 2337 consistorio
1013 2298 1146 2338 tunc
1202 2288 1458 2353 presenti,
1516 2287 1886 2337 commisimus
1942 2298 1997 2336 et
2062 2287 2444 2338 mandavimus

437 2371 653 2421 oraculo
696 2372 820 2421 vive
862 2372 1028 2434 vocis,
1074 2374 1219 2438 quod
1262 2392 1423 2438 super
1466 2372 1758 2438 propositis
1800 2383 1855 2421 et
1895 2371 2166 2436 responsis
2187 2370 2440 2437 predictis

435 2456 579 2521 ipsas
618 2468 800 2521 partes
839 2458 1055 2507 audiret
1091 2469 1146 2507 et
1185 2459 1330 2523 quod
1369 2476 1531 2523 super
1567 2457 1640 2506 eis
1678 2457 1823 2506 idem
1862 2457 2151 2507 cardinalis
2190 2475 2244 2506 se
2281 2448 2471 2505 infor-¹

442 2552 634 2602 maret,
682 2542 946 2608 nobisque
990 2543 1233 2592 referret.
1282 2543 1357 2592 Ac
1402 2542 1787 2592 nichilominus
1846 2552 2036 2606 postea
2081 2541 2182 2590 sibi
2227 2541 2446 2590 manda-

438 2625 615 2675 vimus
653 2626 779 2677 viva
817 2646 967 2688 voce,
1007 2628 1152 2692 quod
1191 2645 1504 2692 processum
1539 2626 1708 2676 etiam
1745 2637 1933 2675 contra
1971 2625 2181 2675 dictum
2220 2624 2442 2675 Guirau-

436 2710 566 2759 dum
601 2721 655 2760 et
688 2711 820 2761 alios
855 2712 1100 2762 consules
1135 2730 1228 2777 per
1261 2712 1472 2761 dictum
1508 2712 1826 2760 Mennetum
1861 2710 2071 2759 factum
2105 2720 2159 2758 et
2194 2709 2446 2760 habitum

436 2795 628 2845 statim
662 2795 866 2846 faceret
899 2796 1001 2846 sibi
1034 2796 1247 2847 deferri.
1286 2797 1403 2859 Quo
1437 2796 1708 2861 siquidem
1743 2813 1996 2860 processu
2031 2795 2245 2859 prefato
2281 2791 2447 2843 cardi-

436 2879 547 2929 nali
597 2880 798 2942 delato,
850 2891 905 2930 et
954 2882 1121 2931 etiam
1173 2881 1469 2946 assignato,
1522 2881 1791 2945 dictisque
1845 2880 2119 2940 Menneto,
2171 2877 2442 2927 Bernardo

438 2965 502 3013 de
535 2965 714 3015 Grava
744 2976 799 3014 et
831 2965 1071 3016 Giraudo
1101 2984 1284 3016 coram
1313 2983 1374 3014 eo
1405 2975 1595 3030 postea
1625 2964 1679 3015 in
1708 2964 1907 3015 iudicio
1938 2963 2273 3024 constitutis,
2302 2962 2443 3012 idem

439 3049 727 3099 cardinalis
767 3049 970 3099 eisdem
1011 3051 1267 3099 Menneto
1307 3060 1362 3099 et
1403 3049 1642 3100 Giraudo
1682 3049 1751 3099 ad
1791 3047 2102 3108 dicendum,
2144 3062 2442 3111 proponen-

439 3133 570 3182 dum
602 3144 657 3182 et
688 3135 933 3184 dandum
966 3134 1020 3184 in
1051 3133 1267 3200 scriptis
1301 3133 1561 3199 quicquid
1595 3133 1732 3184 alter
1765 3142 1953 3182 contra
1987 3132 2222 3181 alterum
2254 3129 2442 3187 dicere,

440 3228 741 3283 proponere
782 3229 837 3269 et
879 3220 1006 3270 dare
1049 3220 1233 3280 vellet,
1278 3229 1488 3268 certum
1531 3217 1835 3282 assignavit
1876 3215 2190 3266 terminum.
2241 3214 2297 3264 In
2341 3229 2443 3278 quo

440 3301 667 3367 prefatis
719 3303 974 3352 Menneto
1023 3314 1078 3352 et
1129 3303 1369 3354 Giraudo
1420 3301 1867 3368 comparentibus
1917 3300 1970 3349 in
2019 3298 2218 3349 iudicio
2268 3314 2444 3347 coram

439 3404 520 3448 eo,
558 3387 703 3437 idem
744 3387 1015 3438 Giraudus
1055 3398 1243 3438 contra
1284 3387 1495 3437 dictum
1535 3387 1854 3435 Mennetum
1894 3384 2170 3450 quendam
2208 3380 2443 3432 libellum

441 3471 695 3521 exhibere
748 3472 981 3533 curavit,
1035 3471 1089 3522 in
1143 3490 1249 3537 quo
1302 3471 1446 3521 idem
1501 3470 1772 3520 Giraudus
1825 3469 1968 3518 inter
2018 3468 2121 3518 alia
2175 3464 2445 3517 asserebat

442 3556 588 3622 quod
630 3555 775 3607 idem
818 3557 1124 3619 Mennetus,
1167 3567 1299 3606 tunc
1340 3556 1670 3621 pretendens
1711 3571 1765 3604 se
1806 3552 2086 3603 notarium
2117 3561 2173 3600 et
2204 3545 2444 3600 commis·

441 3639 644 3689 sarium
689 3639 849 3691 officii
893 3639 1201 3701 memorati,
1246 3638 1458 3690 vocatis
1503 3638 1651 3688 dicto
1697 3637 1936 3688 Giraudo
1981 3646 2036 3685 et
2078 3635 2189 3685 eius
2234 3630 2440 3695 collegis

442 3723 699 3787 predictis
750 3742 911 3790 super
961 3725 1121 3774 dictis
1172 3724 1350 3774 verbis
1403 3741 1496 3789 per
1544 3736 1634 3772 eos
1686 3721 1980 3788 propositis
2032 3737 2214 3770 coram
2278 3713 2444 3773 nobiS,

442 3807 494 3856 in
549 3817 798 3859 nostrum
851 3818 908 3859 et
959 3809 1202 3860 eiusdem
1257 3808 1411 3858 Sedis
1465 3815 1850 3872 contemptum
1903 3823 1965 3855 ac
2017 3800 2445 3855 diffamationem
