2540 4354
432 328 533 383 238
832 348 1117 382 eumdum:
1161 349 1235 380 DE
1279 329 1697 391 L’1Nou1s1‘r1on
1735 349 2053 394 FRANQAISE

1270 573 1346 583 —
1387 538 1609 599 159—

510 704 674 755 Lettre
701 703 760 753 de
778 704 967 754 Βεηοῖι
983 702 1107 752 XII
1125 705 1157 752 ἀ
1182 703 1378 754 Gaston
1394 702 1453 753 de
1475 705 1522 754 F
1525 702 1767 769 oioe,p0ur
1785 704 1828 754 le
1843 702 2061 769 feliciter
2091 705 2218 756 dela
2238 718 2453 773 capture

434 790 494 838 de
527 789 664 838 deux
692 787 910 838 sorciers
940 785 1178 851 effectue'e
1207 806 1300 837 sur
1328 806 1406 837 ses
1436 799 1606 838 terre-3.
1641 788 1691 838 Il
1720 787 1796 838 lui
1826 788 2003 839 envoie
2045 789 2180 840 deux
2224 791 2450 841 hommes

439 872 667 922 d’armes
697 872 908 936 charges
935 870 996 921 de
1023 870 1271 921 conduire
1300 890 1378 921 ces
1407 871 1672 922 criminals
1701 875 1733 921 ἀ
1761 872 2027 937 Avignon.
2072 902 2140 909 ——
2179 873 2447 939 Avignon,

440 956 502 1005 21
543 954 827 1006 decembre
867 956 1018 1007 1336.

779 1089 885 1143 Reg.
920 1089 1035 1143 Vae„
1070 1098 1104 1131 t.
1149 1104 1315 1143 cxxx1,
1348 1090 1425 1132 fol.
1451 1104 1494 1131 οι
1530 1095 1597 1143 v0,
1633 1105 1676 1132 n.
1706 1091 1810 1140 3723
1844 1091 2057 1144 Daumet,
2096 1106 2166 1145 op.
2199 1092 2287 1145 cit„
2304 1107 2346 1134 n.
2365 1093 2446 1134 253

729 1159 903 1215 (anal.);
939 1160 1138 1214 Hansen,
1171 1160 1364 1215 Quellen,
1397 1169 1500 1214 etc„
1532 1175 1576 1215 p.
1610 1162 1651 1213 9,
1684 1176 1727 1202 n.
1761 1162 1812 1201 1⁶¹
1852 1161 1917 1215 (ἱη
1947 1161 2062 1215 esch).

512 1283 722 1332 Dilecto
763 1281 871 1332 filio
909 1282 1078 1332 nobili
1113 1282 1230 1332 viro
1271 1282 1562 1346 Gastoni1,
1601 1282 1788 1333 comiti
1826 1283 1982 1334 Fuxi.
2021 1313 2090 1319 -
2126 1284 2440 1335 Nobilitatis

443 1378 536 1417 tue
580 1366 947 1417 insinuatione
992 1366 1334 1433 percepimus
1381 1368 1528 1433 quod
1572 1378 1635 1418 tu
1679 1367 1983 1418 ferventem
2030 1379 2086 1418 et
2128 1387 2326 1435 purum
2371 1370 2438 1420 ad

444 1452 619 1501 Deum
663 1462 718 1500 et
763 1451 926 1501 fidem
969 1451 1300 1503 catholicam
1342 1452 1519 1502 zelum
1562 1453 1787 1515 habens,
1826 1453 1959 1503 duos
2002 1452 2268 1515 homines,
2302 1452 2447 1503 vide-

439 1535 566 1585 licet
603 1537 827 1586 Petrum
864 1536 929 1586 de
967 1537 1222 1597 Coaraza,
1262 1536 1644 1602 presbiterum,
1682 1547 1738 1586 et
1774 1537 1988 1587 dictum
2026 1537 2166 1587 Devi
2183 1538 2246 1587 de
2266 1536 2447 1602 solies,

443 1620 535 1686 qui
574 1621 637 1670 de
676 1620 980 1686 sortilegiis,
1020 1621 1370 1680 factionibus,
1417 1620 1717 1684 maleficiis,
1762 1620 1982 1686 magicis
2022 1621 2229 1673 artibus
2250 1633 2304 1671 et
2336 1620 2449 1672 aliis

441 1705 778 1755 detestandis
807 1704 1122 1755 criminibus
1165 1705 1438 1756 diffamati
1480 1704 1693 1771 publice
1732 1707 2191 1772 vehementerque
2218 1705 2453 1772 suspecti

447 1788 560 1839 fore
606 1790 879 1851 dicuntur,
929 1790 1138 1856 pridem
1183 1790 1238 1841 in
1283 1790 1439 1840 terris
1485 1790 1594 1840 tuis
1630 1791 1829 1841 Bearni
1874 1789 1994 1857 capi
2038 1788 2217 1840 fecisti
2253 1808 2449 1856 eosque

445 1874 810 1924 restituendos
856 1885 910 1924 et
955 1874 1310 1940 assignandos
1358 1875 1614 1939 Ecclesie,
1661 1886 1724 1926 ut
1753 1876 1817 1925 de
1863 1875 2116 1942 predictis
2165 1875 2355 1940 corrigi
2396 1885 2450 1924 et

445 1955 625 2020 puniri
660 1955 875 2007 iusticia
913 1955 1161 2022 exigente
1198 1956 1441 2019 valeant,
1479 1967 1599 2006 tute
1636 1955 1767 2007 facis
1803 1956 1859 2007 in
1894 1957 2001 2007 tuis
2042 1956 2344 2007 carceribus
2365 1973 2450 2005 cu-

448 2038 656 2092 stodiri.
690 2039 825 2091 Cum
862 2051 1049 2092 autem
1086 2041 1304 2091 eosdem
1341 2040 1585 2091 homines
1636 2041 1704 2092 ad
1745 2041 1938 2091 Sedem
1975 2041 2353 2108 apostolicam,
2390 2050 2451 2090 ut

444 2125 508 2174 de
544 2124 674 2190 ipsis
730 2125 919 2176 melius
950 2136 1005 2175 et
1049 2125 1257 2192 plenius
1311 2126 1529 2177 iusticia
1588 2125 1703 2176 fieri
1732 2126 1934 2190 valeat,
1965 2126 2195 2177 velimus
2230 2124 2444 2186 adduci,

441 2210 690 2259 eamdem
734 2210 1083 2261 nobilitatem
1128 2222 1283 2262 tuam
1327 2210 1653 2276 requirimus
1698 2222 1753 2260 et
1797 2211 2065 2262 attentius
2107 2211 2164 2262 in
2210 2210 2441 2261 Domino

443 2295 799 2346 exhortamur
842 2295 1100 2361 quatinus
1145 2314 1238 2363 per
1282 2295 1506 2346 dilectos
1554 2295 1688 2346 filios
1732 2295 1938 2346 nobiles
1997 2293 2141 2347 viros
2205 2297 2442 2347 Ramun-

447 2380 578 2429 dum
612 2380 677 2430 de
711 2381 913 2443 Vonco,
948 2380 1271 2446 magistrum
1306 2380 1608 2443 ostiarium,
1642 2390 1697 2430 et
1732 2380 2024 2446 Rogerium
2057 2382 2120 2430 de
2142 2379 2445 2443 Quinballo,

444 2464 776 2515 servientem
813 2483 1091 2516 armorum
1126 2475 1362 2529 nostros,
1402 2483 1535 2531 quos
1573 2474 1797 2531 propter
1832 2481 1892 2514 ea
1951 2464 2256 2531 specialiter
2290 2462 2452 2514 desti-

446 2566 660 2610 namus,
705 2559 760 2599 et
802 2549 933 2600 alios
965 2550 1028 2599 de
1073 2549 1270 2615 quibus
1314 2568 1409 2616 pro
1449 2547 1643 2599 tutiori
1674 2549 1923 2600 custodia
1966 2549 2219 2615 expedire
2261 2547 2486 2603 videris¹

446 2651 539 2699 per
578 2644 631 2683 te
671 2652 831 2701 super
869 2635 971 2685 hoc
1009 2635 1356 2701 deputandos
1396 2645 1450 2683 et
1490 2633 1845 2699 assignandos
1882 2644 2210 2684 memoratos
2238 2635 2455 2683 Petrum

445 2718 509 2767 de
539 2718 776 2770 Coaraza
803 2729 857 2769 et
884 2718 1095 2770 dictum
1123 2718 1262 2770 Devi
1289 2720 1358 2769 ad
1387 2717 1580 2768 Sedem
1610 2718 1916 2785 predictam
1956 2736 2207 2785 procures
2244 2717 2457 2767 mittere

454 2803 686 2853 fideliter
724 2815 778 2853 et
817 2821 1067 2855 secure...
1109 2833 1178 2839 —
1218 2805 1424 2855 Datum
1466 2802 1741 2866 Avinioni,
1776 2823 1859 2853 xu
1899 2803 2158 2853 kalendas
2207 2799 2456 2864 ianuarii,

445 2906 586 2938 anno
626 2889 862 2939 secundo
886 2887 923 2940 ².

501 3064 540 3103 1.
575 3063 749 3105 Gaston
778 3064 844 3114 113
874 3063 973 3105 voir
999 3078 1042 3106 n.
1071 3064 1172 3116 144,
1199 3070 1306 3106 note
1333 3064 1373 3105 1.

500 3134 541 3175 2.
574 3134 683 3176 Voir
705 3149 749 3175 n.
775 3134 874 3175 156.
