2540 4354
930 355 1219 408 anticorum
1258 373 1318 410 xl
1605 375 1608 378 ’
1974 363 1976 365 ’
2002 356 2102 413 415

95 546 115 562 -.
165 520 168 530 ι
247 486 546 557 periculum
586 496 685 538 aut
724 487 919 539 saltem
959 488 1351 540 detrimentum
1391 490 1585 542 afferat
1625 490 1958 554 animarum3
1998 493 2091 544 sed

91 564 184 623 3³!-
233 569 684 639 perniciosissima
711 569 835 620 {fore
872 570 1172 620 dinoscitur
1208 589 1330 621 cum
1366 590 1475 623 non
1512 573 1854 638 corriguntur
1889 592 2089 625 errores

0 677 5 684 ·
168 653 467 706 ¹'catholica
507 652 880 714 fide'suborti,
921 653 975 703 in
1014 671 1120 719 qua
1161 653 1582 706 fundamentum
1634 656 1903 721 religionis
1955 658 2090 708 chri-

111 736 285 811 '‘ne
319 735 584 788 consistit.
609 735 844 801 Ideoque
879 735 1039 800 digna
1077 737 1389 787 turbatione
1426 756 1706 788 movemur
1740 757 1863 789 cum
1896 741 2090 806 reperi-

167 837 229 871 v·s
270 817 628 870 inii-atribus
671 828 728 868 et
772 817 1100 885 coepiscopis
1143 820 1341 869 nostris
1386 822 1707 884 negligentie
1753 822 1827 887 (a)
1873 824 2087 889 culpam

150 901 516 973 prehensione
550 901 923 967 dignissimam
955 911 1011 951 et
1045 918 1139 967 per
1157 901 1347 952 Sedem
1381 905 1737 968 apostolicam
1770 907 2085 957 nullatenus

107 1040 137 1057 δ’,
143 984 464 1038 lerandam.
503 984 828 1038 Audivimus
865 984 1132 1050 siquidem
1169 1002 1236 1034 ex
1270 986 1531 1036 relatione
1569 987 1751 1037 dilecti
1792 988 1886 1042 filii
1925 989 2088 1040 Fran-

161 1066 235 1120 oi
265 1065 520 1130 Bon-illi,
505 1086 557 1119 m
595 1086 746 1119 sacra
783 1066 980 1134 pagina
1020 1067 1281 1131 magistri,
1318 1067 1651 1133 inquisitoris
1688 1071 1920 1121 heretice
1969 1090 2090 1138 pra-

102 1175 119 1221 j
140 1148 298 1204 'tatis
332 1150 389 1202 in
424 1151 618 1202 vestris
656 1150 973 1202 civitatibus
1011 1161 1067 1200 et
1103 1150 1404 1202 diocesibus
1442 1151 1711 1217 deputati,
1741 1154 1885 1219 quod
1922 1155 1976 1206 in
2013 1155 2087 1205 eis

163 1271 166 1275 ,
218 1233 468 1286 tieorum
498 1234 797 1285 multitudo
828 1243 1090 1295 moratur,
1121 1233 1288 1284 etiam
1317 1236 1387 1285 ab
1431 1235 1676 1300 antiquo,
1722 1247 1911 1289 contra
1955 1256 2089 1304 quos

118 1331 123 1333 ’
241 1326 297 1368 et
332 1317 733 1384 predecessores
770 1317 939 1368 vestri
975 1317 1308 1382 negligenter
1356 1317 1610 1368 omisistis
1681 1329 1926 1370 vestrum
1977 1320 2088 1371 offi-

175 1417 252 1452 m
280 1417 552 1463 exercer03
585 1401 728 1452 unde
764 1401 827 1451 fit
859 1401 1005 1467 quod
1039 1399 1474 1465 multiplicantur
1504 1402 1828 1453 execrabiles
1862 1403 2094 1469 hereses,

107 1477 149 1554 ·J
199 1482 557 1547 hereticorum
593 1501 867 1547 numerus,
905 1484 1040 1550 proh
1077 1483 1260 1533 dolor!
1313 1484 1631 1548 adaugetur.
1675 1484 1782 1535 Nos
1820 1485 1984 1550 igitur
2019 1487 2091 1538 ad

19 1578 26 1582 '
109 1592 150 1635 '.
143 1576 169 1609 l
182 1565 443 1627 viandum
493 1567 664 1619 tantis
697 1567 824 1618 fidei
874 1566 1123 1634 periculis
1189 1566 1381 1616 merito
1434 1567 1677 1631 excitati,
1719 1567 2092 1633 inquisitorem

129 1639 382 1714 ffi‘htum
418 1650 487 1702 ad
525 1660 708 1717 partes
744 1660 954 1702 vestras
991 1649 1321 1700 remittimus
1359 1660 1414 1699 et
1452 1650 1816 1701 venerabilem
1867 1651 2090 1702 fratrem

195 1741 356 1784 trum
398 1733 719 1796 Antonium,
762 1733 1078 1800 episcopum
1123 1733 1376 1794 Massan„
1421 1733 1716 1798 apostolice
1761 1733 1910 1785 Sedis
1953 1753 2090 1785 nun·

174 1841 178 1858 ·
213 1841 268 1880 ιι,
305 1817 498 1869 harum
534 1818 753 1880 latores,
793 1835 917 1868 cum
954 1834 1016 1867 eo
1054 1807 1403 1877 remittimus,
1443 1815 1665 1866 diversis
1717 1817 1911 1868 litteris
1962 1835 2093 1884 apo-

158 1968 186 1974 „
219 1898 233 1911 ⁸
268 1898 282 1911 '
358 1900 740 1964 communitos,
777 1910 941 1967 prout
974 1899 1080 1966 ipsi
1113 1899 1268 1950 vobis
1307 1898 1515 1964 plenius
1552 1900 1767 1950 oraculo
1800 1899 1924 1950 vive
1942 1901 2090 1951 vocis

144 2008 203 2025 “·
230 1993 401 2047 ment,
435 1985 521 2035 cui
554 1985 748 2036 nuntio
781 2001 943 2051 super
976 1983 1075 2034 hiis
1109 2000 1213 2048 que
1246 1982 1401 2032 vobis
1435 1983 1500 2032 de
1532 1983 1802 2048 premissis
1835 2000 1902 2033 ex
1935 1994 2089 2050 parte

208 2074 294 2120 tra
347 2068 593 2120 narrabit
646 2067 844 2119 curetis
904 2067 1068 2117 fidem
1122 2065 1405 2117 indubiam
1447 2066 1730 2127 adhibere;
1771 2077 1826 2116 et
1869 2084 1991 2116 cum
2023 2067 2090 2117 ad

38 2208 41 2209 ⁷
202 2146 344 2200 cium
374 2161 620 2202 vestrum
653 2150 1026 2219 principaliter
1058 2159 1272 2215 spectat
1307 2148 1380 2214 (b)
1416 2158 1631 2199 tantam
1663 2148 1840 2198 labem
1888 2149 1953 2198 de
2003 2167 2092 2198 ve-

160 2256 213 2275 ··
265 2231 464 2286 finibus
492 2251 813 2301 expurgare,
858 2232 1194 2284 fraternitati
1237 2242 1416 2282 vestre
1446 2230 1744 2281 districtius
1764 2231 2093 2296 iniungimus

150 2376 185 2389 ‚„
239 2314 366 2367 ‘·us
402 2333 513 2368 non
549 2318 723 2367 solum
760 2317 963 2367 eisdem
1001 2315 1194 2365 nuntio
1233 2324 1288 2364 et
1305 2312 1614 2380 inquisitori
1633 2313 1823 2363 vestris
1843 2314 2096 2380 consiliis,

174 2404 179 2406 ’
220 2422 225 2439 2
269 2396 386 2451 ⁶·us
416 2410 474 2451 et
505 2400 719 2451 auxiliis
752 2399 1120 2451 efficacissime
1170 2398 1235 2463 (c)
1300 2396 1587 2459 assistatis,
1622 2414 1684 2447 ac
1718 2413 1832 2459 vos,
1867 2396 2093 2447 vicarios

175 2527 177 2529 ,
202 2482 449 2535 subditos
489 2493 699 2534 vestros
738 2482 980 2533 reddatis
1023 2480 1349 2532 favorabiles
1375 2490 1431 2529 et
1473 2479 1748 2543 benignos,
1790 2478 1883 2528 sed
1923 2478 2091 2528 etiam

173 2566 194 2574 ”
229 2574 323 2616 et
358 2565 566 2617 dictum
605 2577 849 2618 vestrum
888 2565 1126 2616 officium
1167 2564 1240 2629 (d)
1282 2562 1429 2613 omni
1467 2562 1650 2611 futuro
1691 2571 1933 2626 tempore
1971 2577 2093 2610 cum

220 2644 421 2700 ‘noda
459 2650 801 2701 solicitudine
838 2660 894 2699 et
936 2648 1061 2698 fidei
1098 2647 1209 2697 zelo
1250 2645 1481 2695 ferventi
1518 2643 1786 2694 studeatis
1825 2643 2090 2708 intrepide

251 2748 371 2796 re,
405 2742 462 2783 et
494 2733 551 2785 in
586 2733 799 2785 casibus
835 2733 890 2784 in
926 2732 1122 2798 quibus
1158 2748 1282 2780 cum
1317 2729 1507 2779 eodem
1542 2726 1859 2792 inquisitore
1895 2743 2087 2792 conve-

211 2817 670 2884 procedereque
724 2816 935 2868 debetis
991 2812 1278 2865 caritative
1333 2829 1395 2863 ac
1451 2809 1677 2875 benigne
1733 2808 2090 2880 conveniatis

244 2892 617 2977 difficultate
653 2910 710 2951 et
747 2899 1014 2952 tarditate
1052 2906 1282 2958 semota,
1321 2895 1574 2961 ipsosque
1612 2893 1866 2943 nuntium
1904 2901 1961 2941 et
2011 2891 2091 2941 in-

162 3036 165 3038 ,
236 2978 252 2993 ”
292 2971 427 3034 rem
462 2993 522 3034 et
559 3000 748 3035 eorum
788 2993 974 3050 gentes
1016 2999 1140 3032 cum
1180 2988 1363 3030 vestra
1403 2988 1459 3028 et
1499 2985 1803 3026 vestrorum
1844 2973 2087 3024 subdito·

215 3066 496 3131 potentia
540 3067 610 3119 ab
654 3066 967 3118 eorumdem
1003 3062 1364 3115 hereticorum
1399 3059 1699 3110 incursibus
1738 3057 1968 3107 fideliter
2002 3056 2092 3106 de-

147 3148 225 3208 g·
256 3146 348 3199 tis
380 3159 437 3200 et
470 3150 799 3217 preservetis
835 3148 1051 3200 offensis
1089 3147 1183 3213 (e);
1219 3162 1427 3195 necnon
1463 3141 1813 3193 carcerandos
1849 3156 1942 3205 per
1977 3156 2091 3189 eos-

153 3232 524 3309 “.,1ιιιιιῑὶιιιιι
559 3244 615 3284 et
650 3233 1026 3301 inquisitorem
1064 3230 1118 3281 in
1156 3227 1347 3279 vestris
1383 3225 1655 3292 recipiatis
1694 3223 1998 3274 carceribus
2035 3231 2093 3271 et

52 3484 54 3487 v
147 3395 232 3486 Α.)
254 3422 483 3483 Wadding
509 3443 520 3471 ε
548 3427 852 3484 negligentiam
877 3440 940 3471 ac.

66 3493 72 3515 ³
147 3494 173 3548 Α
195 3491 233 3548 ὗ)
263 3493 484 3552 wndding
506 3513 518 3540 ι
542 3500 783 3554 specialiter
804 3506 974 3554 spectat.

59 3569 63 3572 ’
140 3559 230 3626 μὴ
257 3562 478 3621 Wadding
500 3581 513 3609 ε
538 3569 756 3622 efficaciter

64 3682 66 3687 ,
151 3632 164 3682 V.
262 3632 486 3691 wedding
514 3651 527 3680 ε
558 3638 719 3680 dictum
749 3640 969 3680 servitium
1002 3644 1181 3679 vestrum
1211 3637 1344 3678 omni,

63 3735 78 3771 ².
137 3698 193 3763 «Q
257 3699 478 3759 Wadding
502 3721 515 3749 ε
542 3709 713 3750 servetis
740 3710 987 3762 inoffensos.
