2540 4354
989 395 1136 432 nau
1175 390 1300 431 xxti
2047 381 2144 433 197

78 506 79 510 “
169 513 281 567 ruit
305 514 374 565 de
398 513 557 565 dictis
582 512 974 580 temporalibus
1000 512 1070 563 ad
1097 528 1321 562 manum
1347 527 1502 561 suam
1528 510 1791 576 ponendis
1817 521 1873 562 et
1897 514 2146 565 tenendis

67 651 71 654 ,
165 606 227 648 ut
274 596 543 663 prefertur
588 593 763 662 operis
810 593 1189 660 subsequentis
1238 592 1556 644 executione
1605 594 1916 660 complevit.
1969 596 2147 660 Quare

69 698 72 704 ·
163 678 318 730 nobis
355 678 499 729 idem
537 679 707 729 abbas
745 677 1022 727 humiliter
1057 676 1406 743 supplicavit,
1446 686 1509 725 ut
1547 694 1671 726 cum
1707 676 1821 743 ipse
1858 689 2146 745 propterea

90 757 96 763 ’
163 771 219 812 et
241 761 346 812 alia
371 761 724 827 personaliter
747 761 815 811 ad
855 760 1060 811 dictam
1099 758 1292 810 Sedem
1331 769 1386 808 et
1426 759 1495 810 ad
1534 760 1863 825 presentiam
1903 772 2147 814 nostram

162 843 446 895 accesserit
487 861 611 894 cum
650 842 847 893 litteris
889 841 1166 909 prelibatis
1209 851 1263 891 et
1306 858 1400 907 per
1440 842 1673 891 eundem
1716 843 2147 908 predecessorem

161 943 254 978 seu
290 944 386 992 pro
422 923 535 977 eius
571 935 726 992 parte
762 925 926 976 nichil
961 935 1149 976 contra
1186 942 1311 975 eum
1346 941 1507 990 super
1542 922 1852 976 huiusmodi
1903 927 2147 978 hereseos

160 1008 380 1075 crimine
420 1008 762 1075 propositum
800 1006 980 1070 fuerit,
1022 1008 1108 1058 vel
1148 1006 1443 1070 obiectum,
1495 1004 1750 1074 idemque
1804 1009 1919 1060 dux
1967 1011 2147 1071 adhuc

82 1120 85 1123 ·
129 1091 228 1142 -ad
276 1110 499 1143 manum
544 1109 699 1143 suam
745 1091 1066 1158 temporalia
1112 1100 1299 1142 teneat
1344 1090 1676 1157 supradicta,
1722 1091 1944 1159 ipseque
1975 1095 2146 1145 abbas
2191 1123 2195 1126 ·

71 1237 74 1241 ¹
160 1175 226 1227 de
258 1172 356 1227 tali
389 1174 611 1226 crimine
643 1192 699 1226 se
730 1185 949 1241 reputet
981 1175 1344 1230 innocentem,
1381 1191 1691 1240 preservare
1737 1174 1916 1242 ipsum
1949 1177 2144 1227 exinde

68 1248 78 1323 i,
151 1259 228 1316 ,ab
270 1255 495 1310 infamia
540 1258 812 1309 maculosa
856 1275 1062 1324 suoque
1108 1258 1391 1325 providere
1434 1258 1607 1309 statui
1648 1275 1711 1309 ac
1753 1258 2142 1325 indempnitati

155 1339 268 1394 eius
311 1351 367 1392 et
407 1341 576 1408 ipsius
621 1341 934 1392 monasterii
977 1358 1262 1408 precavere
1307 1342 1487 1407 quoad
1531 1342 1851 1407 temporalia
1911 1343 2144 1408 prefata,

76 1431 78 1443 ²
155 1425 221 1476 de
259 1424 427 1491 ipsius
465 1425 604 1476 sedis
644 1422 932 1476 clementia
972 1424 1334 1490 dignaremur.
1378 1424 1514 1488 Quia
1533 1424 1763 1489 igitur...
1786 1424 2144 1478 Fraternitati

154 1518 313 1559 tue...
364 1509 687 1560 mandamus
733 1518 789 1558 et
834 1507 1228 1558 committimus
1255 1508 1513 1573 quatinus
1559 1508 1889 1559 auctoritate
1935 1520 2139 1571 nostra,

155 1591 364 1643 vocatis
393 1591 540 1642 dicto
570 1591 943 1658 predecessore
972 1601 1028 1641 et
1056 1590 1172 1642 aliis
1204 1591 1297 1656 qui
1326 1590 1528 1640 fuerint
1556 1592 1821 1642 evocandi
1849 1602 1904 1641 et
1933 1593 2135 1643 auditis

81 1673 82 1676 ’
153 1673 276 1726 hinc
305 1674 428 1726 inde
459 1674 751 1741 propositis
783 1675 850 1725 de
879 1674 1190 1725 huiusmodi
1219 1691 1312 1740 per
1340 1673 1519 1740 ipsum
1551 1675 1979 1739 predecessorem
2010 1693 2133 1727 con-

153 1767 238 1810 tra
273 1758 483 1809 dictum
518 1758 778 1809 abbatem
813 1757 868 1808 in
903 1758 1093 1808 eodem
1133 1757 1477 1808 Parlamento
1515 1767 1576 1807 ut
1611 1758 1977 1823 supradicitur
2014 1778 2132 1824 pro·

12 1860 18 1893 7
80 1907 83 1910 ‚
154 1840 343 1909 positis
384 1841 625 1908 inquiras
666 1840 959 1892 summarie
1000 1851 1056 1891 et
1096 1841 1164 1891 de
1206 1840 1367 1906 plano
1410 1839 1522 1891 sine
1565 1840 1798 1906 strepitu
1854 1852 1910 1891 et
1970 1843 2138 1909 figura

148 1921 336 1976 iudicii
377 1943 500 1976 cum
541 1924 819 1990 diligentia
863 1924 1171 1985 veritatem,
1214 1934 1270 1974 et
1311 1924 1376 1974 de
1404 1923 1672 1989 premissis
1717 1923 1881 1975 facias
1923 1923 2135 1976 iusticie

14 2040 22 2070 :
98 2031 99 2034 ¹
151 2008 629 2075 complementum.
664 2007 1168 2073 Contradictores...
1206 2006 1327 2058 Non
1359 2007 1777 2059 obstantibus...
1813 2036 1882 2044 —
1926 2009 2131 2060 Datum

139 2087 425 2169 κΔνίιιίοιιί,
459 2091 580 2142 idus
612 2091 847 2157 augusti,
882 2108 1025 2141 anno
1058 2090 1521 2157 decimoseptimo.

210 2229 252 2271 1.
269 2229 400 2272 Alain
420 2228 604 2272 Gontier
624 2228 696 2283 (cf.
718 2244 761 2271 n.
781 2229 898 2283 143),
916 2229 1134 2272 chanoine
1151 2230 1207 2271 de
1227 2231 1412 2283 Nautes,
1431 2230 1618 2272 docteur
1635 2243 1689 2272 en
1712 2231 1944 2285 theologie,
1964 2246 2123 2285 promu

106 2306 107 2311 ’
155 2297 396 2341 Μ’όνέοῑιό
415 2300 471 2341 de
489 2299 1014 2351 Saint·Malo,le2mars
1033 2300 1165 2348 1317;
1202 2299 1417 2341 transiere
1452 2298 1478 2340 a
1514 2300 1741 2355 Quimper,
1777 2301 1816 2342 le
1852 2302 1905 2342 22
1941 2301 2117 2354 janvier

102 2398 107 2402 -
153 2367 286 2419 18333
325 2376 446 2411 mort
469 2382 567 2411 vers
590 2369 716 2411 1335.
747 2369 857 2411 Gall.
883 2370 1043 2422 christ„
1069 2377 1101 2410 t.
1128 2383 1225 2421 xiv,
1249 2369 1331 2410 col.
1356 2370 1456 2421 883,
1480 2369 1612 2419 1007;
1640 2369 1797 2422 Eubel,
1836 2370 1976 2422 Hier„
2018 2379 2050 2412 t.
2093 2384 2126 2423 1,

99 2473 104 2491 .
147 2450 193 2493 p.
217 2437 316 2491 219,
330 2439 428 2480 333.

36 2535 38 2537 >
107 2544 110 2547 .
208 2508 250 2550 2.
281 2507 401 2550 Yves
421 2508 477 2550 de
497 2507 708 2561 Gormon,
728 2509 843 2550 abbe
864 2510 918 2550 de
939 2509 1299 2561 saint-Cnemis,
1321 2509 1359 2549 le
1380 2509 1433 2550 17
1454 2509 1564 2551 aaut
1584 2509 1710 2562 1317,
1731 2516 1851 2551 mort
1867 2509 1908 2551 le
1947 2510 1997 2550 17
2035 2509 2132 2563 juin

102 2618 104 2624 ,
151 2566 280 2619 1³42..
312 2576 422 2619 Gau.
449 2577 607 2630 eurise„
635 2584 668 2619 t.
697 2592 794 2630 m,
819 2578 901 2619 001.
929 2579 1128 2620 897-898.

111 2689 114 2700 ¹
209 2646 251 2688 3.
281 2645 603 2688 Landevennec
634 2645 899 2700 (Finistere),
928 2655 1046 2689 eant.
1077 2647 1131 2688 de
1161 2647 1343 2700 Crozon,
1371 2648 1547 2689 arrond.
1577 2648 1632 2689 de
1661 2647 1936 2689 Chatoaulin.

102 2758 104 2762 ‚
150 2748 160 2757 .
212 2714 253 2758 4.
299 2715 421 2757 Yves
454 2715 510 2757 de
544 2714 823 2768 Boisboissel,
859 2718 1027 2770 eveque
1062 2717 1117 2757 de
1152 2716 1361 2770 Treguier
1414 2715 1455 2769 (7
1492 2717 1673 2758 octobre
1708 2716 1859 2770 1327);
1912 2731 2071 2771 promu
2106 2719 2132 2759 a

155 2782 380 2840 Quimper,
403 2785 443 2826 le
466 2785 517 2826 31
544 2786 654 2826 aosst
676 2785 807 2833 1330;
855 2786 1068 2827 transfere
1093 2787 1118 2826 a
1143 2785 1423 2837 Saint-Malo,
1447 2786 1486 2827 le
1510 2786 1563 2827 22
1586 2785 1760 2838 janvier
1783 2786 1913 2833 13:333
1939 2794 2058 2827 mort
2080 2800 2135 2827 en

153 2851 279 2896 1848.
304 2854 413 2896 Gau.
433 2854 592 2907 christ„
610 2862 643 2895 t.
661 2868 759 2908 xiv,
775 2855 857 2897 col.
877 2856 974 2907 883,
991 2855 1118 2907 1007,
1134 2856 1264 2903 1125;
1288 2854 1443 2908 Eubel,
1459 2855 1598 2907 Hier„
1618 2863 1650 2896 t.
1671 2868 1703 2907 1,
1722 2870 1783 2910 p.,
1801 2856 1898 2907 219,
1917 2856 2015 2908 333,
2034 2857 2131 2897 521.

105 2968 111 2970 μ
210 2922 252 2965 5.
281 2923 396 2966 Jean
427 2923 496 2965 111
525 2924 563 2965 10
587 2923 700 2976 Bon,
731 2923 798 2966 fils
826 2923 1044 2966 d’Arthur
1074 2924 1117 2965 11
1147 2932 1193 2966 et
1219 2925 1275 2966 de
1303 2923 1440 2965 Mario
1466 2925 1523 2966 de
1550 2924 1767 2978 Limoges,
1795 2925 1849 2965 ne
1876 2924 1916 2965 10
1943 2926 1968 2966 8
2013 2939 2130 2967 mars

34 2997 38 3008 '
151 2989 284 3042 ¹28&
309 2993 396 3035 duc
420 2993 477 3035 de
500 2993 720 3047 Bretagne
745 2994 800 3035 de
825 2993 935 3035 1312
962 2995 988 3035 a
1015 2994 1139 3035 1341.
1171 2994 1235 3035 De
1260 2993 1543 3047 Mas-Latris,
1567 3008 1637 3048 op.
1665 2993 1752 3047 cia,
1777 2994 1859 3036 eol.
1887 2994 2019 3042 1573;
2046 2993 2128 3035 Are

111 3071 116 3073 ’
149 3058 204 3104 do
225 3061 391 3116 vbifiaer
414 3062 474 3104 100
497 3062 629 3116 dates,
659 3062 726 3106 11·
753 3069 886 3117 part„
913 3070 947 3104 t.
976 3076 1080 3117 xrtr,
1107 3077 1149 3118 p.
1178 3063 1274 3105 218.
1942 3056 1945 3058 ’

973 3428 1314 3489 -132-

229 3582 301 3634 Lo
335 3590 472 3648 pape
506 3581 679 3632 decide
713 3601 808 3649 que
844 3582 1063 3650 l’e'veque
1097 3583 1158 3634 de
1197 3584 1552 3649 Maguelonne
1588 3584 1606 3616 ¹
1644 3585 1798 3635 deora
1832 3603 1885 3635 se
1931 3583 2138 3650 jaindre

117 3669 129 3699 ’ἡ
162 3667 202 3716 δ’
229 3663 361 3717 colui
390 3662 613 3716 d‘Elne⁸
649 3676 693 3716 et
718 3666 751 3714 ὰ
786 3664 1141 3733 l’inquisiteur
1175 3684 1310 3733 pour
1340 3666 1585 3718 conduire
1618 3669 1663 3719 le
1695 3672 1871 3735 proces
1907 3667 2133 3718 d’Adhe-

169 3765 279 3801 mar
313 3746 373 3798 de
414 3746 611 3798 Mouet
632 3749 670 3809 ⁸,
708 3747 918 3816 inculpd
953 3749 1215 3818 d'h-ere'sie,
1254 3750 1345 3817 qui
1383 3750 1552 3817 refuso
1589 3750 1955 3817 d'obtempe'rer
2003 3754 2037 3801 ὰ
2078 3753 2146 3803 la.
