2540 4354
468 390 569 442 374
887 408 1172 441 BULLAIRE
1217 408 1294 440 DE
1338 400 1757 450 rimomsi'rioN
1802 405 2117 449 FRANQMSE

463 542 584 573 ven.
628 523 849 574 frater..
875 523 1162 589 episcopus
1201 523 1586 574 Carcassonen.
1649 524 1715 572 de
1756 522 2020 573 mandato
2083 531 2272 572 nostro
2325 531 2471 570 tene-

464 608 559 658 bat
611 617 742 656 tunc
797 607 1077 672 temporis,
1133 617 1298 672 prout
1352 617 1524 669 tenet,
1558 616 1880 666 carceratos,
1965 624 2027 655 ac
2100 603 2476 670 Inquisitionis

462 701 650 741 contra
718 691 937 740 eosdem
1007 691 1214 740 nobiles
1281 691 1531 742 faciende
1586 709 1680 756 per
1750 709 1871 740 ven.
1952 691 2148 740 fratres
2209 698 2475 739 nostros..

460 774 928 840 archiepiscopum
1007 762 1378 826 Tholosanum
1420 775 1644 840 eiusque
1685 776 2076 839 suffraganeos,
2135 791 2346 822 necnon
2390 771 2475 821 Al-

462 859 602 908 bien.
647 869 702 907 et
746 859 989 909 Castren.
1038 859 1341 924 episcopos,
1388 878 1483 925 pro
1527 859 1770 925 ipsorum
1812 869 1953 922 rata,
1998 858 2297 907 secundum
2331 858 2474 922 quod

460 961 670 992 camere
713 943 1012 1007 apostolice
1056 962 1345 993 commune
1389 943 1677 994 servitium
1721 961 1815 1008 per
1857 942 2002 1008 ipsos
2045 952 2128 991 est
2184 940 2321 991 solvi
2353 959 2474 992 con-

460 1036 696 1085 suetum,
747 1027 949 1077 faceres
998 1027 1434 1077 satisfactionem
1483 1027 1752 1093 impendi3
1802 1026 2185 1091 voluimusque
2234 1025 2379 1090 quod
2415 1034 2473 1074 tu

457 1121 513 1159 et
554 1111 800 1175 prefatus
844 1112 1232 1162 Carcassonen.
1275 1111 1564 1178 episcopus
1605 1113 1674 1162 ad
1716 1110 2038 1162 huiusmodi,
2071 1128 2337 1175 expensas
2379 1127 2473 1173 pro

456 1205 576 1245 rata
614 1205 797 1246 vestra
836 1196 1182 1246 contribuere
1219 1196 1500 1246 curaretis.
1523 1197 1658 1246 Cum
1676 1206 1864 1246 autem
1900 1194 2086 1245 dilecti
2124 1193 2220 1244 filii
2257 1192 2472 1243 Guillel-

459 1298 578 1328 mus
630 1279 832 1341 Militis,
885 1280 1087 1330 ordinis
1138 1281 1372 1330 fratrum
1422 1281 1849 1346 predicatorum,
1899 1276 2202 1346 inquisitor
2255 1277 2472 1336 Carcasv

456 1381 662 1425 sonen.,
712 1383 775 1414 ac
825 1364 1068 1414 Jacobus
1119 1365 1336 1430 Sophie,
1390 1365 1612 1415 clericus
1634 1362 2370 1425 Carcassonen.,bacalarius
2419 1361 2473 1412 in

455 1448 683 1511 legibus,
703 1447 756 1497 in
774 1449 966 1498 eodem
986 1450 1223 1514 negotio,
1244 1460 1306 1498 ut
1323 1449 1656 1510 audivimus,
1675 1450 2071 1500 laboraverunt
2110 1458 2167 1497 et
2207 1465 2472 1512 expensas

458 1531 706 1581 fecerunt
744 1532 1121 1599 multipliciter
1158 1533 1444 1599 presertim
1482 1535 1551 1584 ad
1589 1552 1876 1584 romanam
1917 1531 2133 1584 Curiam
2184 1530 2470 1592 veniendo,

456 1626 648 1682 tuque,
677 1627 739 1666 ut
765 1617 834 1666 ad
862 1627 1112 1667 nostrum
1140 1619 1392 1684 pervenit
1418 1618 1690 1680 auditum,
1713 1628 1887 1668 certas
1907 1616 2164 1682 pecunias
2184 1617 2253 1667 ab
2271 1615 2471 1665 eisdem

457 1700 883 1767 archiepiscopo,
925 1702 1281 1767 suffraganeis
1322 1713 1378 1752 et
1416 1702 1683 1768 episcopis
1723 1692 1986 1768 receperis
2041 1718 2136 1766 pro
2178 1699 2471 1766 premissis,-

457 1785 711 1835 volumus
745 1796 801 1835 et
832 1796 1021 1836 tenore
1055 1787 1394 1852 presentium
1428 1787 1767 1838 fraternitati
1800 1797 1894 1836 tue
1928 1787 2255 1836 mandamus
2291 1783 2470 1850 quati-

457 1888 557 1919 nus
598 1870 758 1921 dictis
795 1871 1111 1937 inquisitori
1147 1883 1203 1922 et
1242 1874 1556 1942 „Iacobo-de
1594 1872 1846 1939 expensis
1884 1871 2304 1922 rationabilibus
2335 1886 2467 1934 quas

455 1953 600 2020 ipsos
631 1954 686 2004 in
716 1955 862 2005 dicto
893 1956 1114 2021 negotio
1145 1956 1255 2007 iam
1286 1957 1474 2008 fecisse
1506 1967 1561 2006 et
1591 1958 1767 2008 facere
1798 1957 1853 2007 in
1884 1957 2134 2006 futurum
2152 1952 2486 2025 tibiconstis

457 2039 604 2102 terit,
636 2041 702 2090 de
734 2040 1051 2091 huiusmodi
1081 2042 1324 2107 pecuniis
1358 2062 1451 2108 per
1482 2053 1534 2092 tc
1566 2042 1797 2108 receptis
1830 2043 1915 2091 vel
1933 2039 2275 2106 recipiendis,
2308 2047 2468 2104 prout

455 2123 671 2189 equitas
721 2125 994 2187 suadebit,
1045 2126 1317 2177 satisffieri
1366 2127 1534 2178 facias
1586 2136 1981 2192 competenter.
2033 2154 2102 2160 —
2152 2126 2358 2176 Datum
2407 2131 2466 2171 ut

454 2227 617 2275 supra
657 2209 953 2274 [Avinioni,
991 2229 1066 2261 xv
1102 2212 1364 2263 kalendas
1398 2212 1600 2278 aprilis,
1636 2230 1780 2263 anno
1816 2210 2025 2279 tercio].

511 2343 551 2384 1.
585 2343 692 2385 Voir
716 2345 755 2386 le
781 2360 824 2386 n.
851 2347 934 2388 246
960 2354 1006 2389 et
1030 2347 1091 2390 les
1117 2355 1260 2390 notes.

1307 2775 1516 2834 —256
1548 2811 1621 2818 —

539 2936 840 2986 Guillaume
900 2936 1231 2998 Chevalier1,
1296 2937 1612 3003 inquisiteur
1671 2940 1731 2988 de
1791 2941 2167 3004 Carcaswnne,
2213 2944 2363 3004 recoit
2419 2945 2468 2994 le

457 3021 677 3088 pouvoir
713 3021 773 3070 de
811 3021 1040 3086 conseret·
1077 3022 1120 3070 le
1160 3022 1387 3090 notariat
1424 3026 1456 3071 ὰ
1497 3023 1635 3072 Jean
1674 3024 1937 3088 Alleman,
1978 3026 2103 3076 clerc
2140 3028 2200 3077 de
2238 3028 2456 3094 Βὲκίενε,

454 3118 498 3156 et
534 3110 566 3156 ἀ
606 3107 746 3156 Jean
783 3106 1055 3168 Bunbelet,
1095 3109 1222 3158 clerc
1259 3106 1318 3156 de
1356 3107 1733 3159 Carcassonne.
1775 3138 1842 3144 —
1879 3109 2150 3176 Avignon,
2204 3112 2265 3162 21
2320 3130 2456 3164 mars

454 3190 605 3241 1365.

797 3327 902 3380 Reg.
927 3327 1082 3380 Auen„
1106 3334 1139 3369 t.
1166 3341 1289 3379 cmx,
1313 3295 1389 3368 fol.
1413 3327 1512 3367 377.

470 3473 475 3478 ⁷
531 3446 743 3496 Dilecto
776 3447 885 3497 filio
921 3448 1211 3499 Guillelmo‘
1242 3447 1428 3498 Militis
1459 3451 1622 3514 [etc.].
1655 3477 1723 3485 —
1743 3449 1826 3500 Ne
1840 3462 2226 3502 contractuum
2259 3465 2455 3502 memo-

454 3530 588 3581 ria...
618 3558 686 3566 ——
716 3532 922 3582 Datum
953 3532 1342 3595 Avinioni,.xl1
1374 3536 1633 3588 kalendas
1662 3535 1875 3601 aprilis,
1894 3532 2265 3588 anno'tertioss‘-
2423 3546 2431 3552 ‘

515 3669 551 3723 1¹.
578 3656 838 3713 Guillaume
863 3673 1108 3726 Chevalier,
1134 3689 1174 3715 11.
1202 3659 1299 3726 23⁶6,
1324 3684 1429 3717 note
1453 3678 1493 3724 2,
1522 3729 1525 3731 ι
