2540 4354
441 370 541 428 292
825 390 1111 427 BULLAmE
1156 396 1228 427 DE
1271 371 1684 437 L’INQUISITION
1728 391 2045 439 FRANcAlsE

438 508 786 574 inquisitores
851 509 1093 560 Pictavie
1155 510 1462 575 nuncupati
1525 523 1929 562 consueverunt
1989 530 2083 561 seu
2146 523 2451 578 potuerunt

436 610 597 659 super
633 593 947 643 huiusmodi
972 594 1251 658 pravitate
1287 593 1660 659 Inquisitionis
1699 594 1936 645 officium
1955 614 2221 660 exercere,
2243 616 2309 648 ex
2334 617 2451 664 spe-

435 678 581 729 cialis
630 677 984 743 benignitatis
1031 678 1233 729 affectu
1280 678 1535 744 precipue
1582 679 1831 745 cupimus
1878 690 1941 730 ut
1999 682 2284 747 negocium
2347 683 2451 734 fide

431 763 543 827 iugi
582 762 831 827 profectu
872 762 1012 812 elisis
1054 763 1275 812 omnino
1315 774 1370 813 et
1422 764 1712 815 eradicatis
1768 765 2040 814 erroribus
2097 778 2448 832 prosperetur

431 865 492 897 ac
526 846 657 897 fides
690 847 958 898 catholica
990 847 1186 897 fortius
1217 847 1539 910 invalescat,
1573 850 1638 898 ad
1674 850 1774 898 hoc
1805 867 1899 914 per
1929 868 2026 900 nos
2057 861 2112 899 et
2143 851 2273 900 alios
2305 851 2447 902 desl-

430 931 682 981 derantes
735 932 1005 982 attentius
1057 932 1282 997 vigilare
1334 932 1612 998 talemque
1668 934 1736 983 ad
1792 934 2107 985 huiusmodi
2158 935 2439 1000 negotium

430 1015 556 1065 fidei
595 1016 798 1066 ibidem
839 1016 1130 1067 efficaciter
1170 1018 1611 1083 promovendum
1652 1019 1920 1084 deputare
1961 1036 2255 1084 personam
2289 1022 2441 1071 cuius

427 1101 654 1151 honesta
694 1101 1037 1152 conversatio
1075 1102 1390 1168 exemplum
1426 1101 1642 1152 tribuat
1679 1103 1959 1168 puritatis,
2012 1103 2234 1169 eiusque
2285 1105 2429 1156 labia

423 1185 636 1236 erudita
688 1186 998 1237 doctrinam
1046 1186 1288 1237 fundant
1336 1205 1463 1237 vere
1512 1187 1782 1252 sapientie
1832 1189 2148 1251 salutarem,
2201 1199 2263 1238 ut
2324 1190 2436 1240 eius

420 1287 571 1320 sacro
619 1270 920 1321 ministerio
968 1289 1126 1321 omne
1172 1271 1509 1321 fermentum
1555 1272 1752 1321 exinde
1797 1272 1935 1323 labis
1983 1272 2300 1324 huiusmodi
2344 1292 2432 1324 ex-

420 1365 699 1421 purgetur,
740 1356 809 1406 ad
848 1374 1152 1422 personam.
1175 1355 1342 1421 igitur
1379 1366 1555 1419 tuam,
1598 1356 1736 1407 circa
1777 1375 1945 1423 quam
1963 1357 2281 1408 sinceritate
2318 1359 2437 1408 reli-

419 1440 589 1504 gionis
634 1451 690 1490 et
737 1441 881 1504 fidei,
929 1441 1254 1495 maturitate
1301 1460 1535 1504 morum,
1582 1452 1637 1491 et
1681 1442 1994 1492 litterarum
2039 1441 2266 1494 scientia
2329 1444 2434 1494 Do-

418 1524 595 1575 minus
661 1525 964 1591 insignivit,
1031 1537 1215 1577 nostre
1281 1526 1579 1592 dirigentes
1627 1526 2078 1578 considerationis
2145 1526 2431 1591 intuitum,

415 1620 486 1672 te,
525 1627 687 1675 quem
723 1628 791 1660 ex
809 1611 994 1661 dilecti
1032 1611 1129 1661 filii
1162 1611 1338 1662 nostri
1377 1611 1615 1673 Geraldi,
1653 1611 1803 1660 tituli
1839 1622 2027 1662 sancte
2062 1611 2260 1662 Sabine
2279 1631 2422 1678 pres-

414 1694 574 1744 biteri
626 1695 933 1760 cardinalis,
986 1707 1041 1745 et
1094 1696 1327 1748 aliarum
1401 1714 1759 1762 personarum
1841 1696 2173 1747 notabilium
2228 1697 2429 1763 prefati

412 1779 613 1829 ordinis
648 1779 804 1830 nobis
839 1780 987 1831 facta
1036 1781 1301 1832 relatione
1341 1781 1489 1831 fideli
1523 1782 1592 1832 ad
1629 1782 1730 1830 hoc
1779 1780 2141 1831 sufficientem
2189 1791 2244 1830 et
2293 1782 2427 1847 ydo-

409 1882 573 1914 neum
627 1876 968 1932 reputamus,
1024 1866 1408 1932 inquisitorem
1464 1866 1709 1917 eiusdem
1766 1865 2003 1915 heretice
2058 1865 2351 1931 pravitatis
2370 1866 2423 1916 in

410 1950 676 2012 Pictavia,
748 1969 961 2002 necnon
1033 1951 1373 2014 civitatibus,
1447 1950 1773 2013 diooesibus,
1823 1949 2136 2017 provinciis,
2211 1950 2419 2013 castriS,

406 2033 564 2097 villis,
607 2036 737 2086 locis
778 2048 836 2086 et
877 2036 1123 2087 terminis
1167 2035 1463 2087 antedictis
1506 2035 1840 2087 auctoritate
1884 2035 2206 2101 apostolica,
2251 2053 2420 2101 usque

404 2119 472 2169 ad
513 2119 755 2170 eiusdem
797 2121 947 2172 Sedis
988 2122 1398 2188 beneplacitum
1438 2122 1789 2187 deputamus,
1833 2119 2149 2170 discretioni
2187 2130 2281 2169 tue
2321 2137 2413 2186 per

403 2204 703 2269 apostolica
746 2205 949 2272 scripta
993 2207 1341 2270 mandantes,
1384 2206 1598 2271 tibique
1638 2205 1693 2256 in
1734 2204 2108 2255 remissionem
2151 2204 2417 2270 peccami-

400 2307 532 2338 num
583 2289 928 2355 iniungentes
983 2292 1246 2356 quatinus
1297 2291 1354 2341 in
1406 2291 1637 2342 caritate
1692 2290 1808 2352 Dei,
1863 2289 2149 2340 hominum
2214 2289 2408 2339 timore

401 2374 728 2439 postposito,
775 2375 1041 2426 virtutem
1087 2376 1310 2442 spiritus
1356 2375 1618 2426 inducens
1667 2375 1784 2441 (sic)
1819 2393 1886 2425 ex
1919 2375 2063 2437 Alto,
2099 2373 2403 2440 predictum

403 2458 776 2524 Inquisitionis
827 2459 1065 2511 officium
1112 2460 1167 2511 in
1219 2460 1487 2523 Pictavia,
1535 2478 1749 2510 necnon
1798 2459 2137 2521 civitatibus,
2188 2457 2409 2508 diocesi-

395 2544 514 2606 bus,
553 2544 865 2610 provinciis,
905 2546 1115 2609 castris,
1153 2542 1314 2609 villis,
1351 2545 1480 2596 locis
1519 2555 1575 2595 et
1610 2545 1860 2596 terminis
1897 2543 2211 2605 antedictis,
2249 2553 2411 2609 prout

393 2628 539 2679 tanti
586 2630 795 2694 negocii
844 2630 1056 2682 utilitas
1106 2631 1392 2682 stuadebit
1443 2630 1581 2697 (sic),
1613 2631 1715 2680 sub
1765 2647 1858 2696 spe
1910 2628 2171 2679 mercedis
2222 2638 2402 2678 eterne

393 2713 468 2763 sic
500 2713 794 2765 efficaciter
826 2715 1085 2782 prosequi
1116 2726 1171 2765 et
1203 2715 1403 2781 exequi
1435 2716 1657 2766 studeas
1691 2714 1980 2779 diligenter
2014 2724 2075 2762 ut
2107 2730 2202 2779 per
2234 2711 2403 2763 solici-

389 2798 596 2849 tudinis
631 2810 723 2849 tue
759 2801 1113 2866 prudentiam
1146 2801 1306 2852 radix
1340 2800 1636 2867 pravitatis
1672 2799 1918 2850 eiusdem
1951 2798 2149 2849 exinde
2183 2797 2398 2864 penitus

387 2883 671 2945 evellatur,
706 2895 761 2933 et
794 2885 953 2935 vinca
991 2884 1632 2948 Domini,exterminatis
1663 2883 1965 2951 vulpeculis
2001 2901 2106 2950 que
2139 2881 2400 2948 perversis

386 2968 654 3019 morsibus
692 2970 1066 3020 demoliuntur
1101 2971 1353 3032 eandem,
1392 2970 1603 3020 fructus
1623 2969 1817 3020 efferat
1837 2968 2105 3018 catholice
2127 2964 2398 3033 puritatis.

390 3051 450 3101 In
496 3051 810 3103 huiusmodi
853 3055 1071 3120 negotio
1118 3073 1469 3121 processurus
1514 3064 1631 3106 tam
1677 3053 1980 3104 secundum
2026 3049 2391 3116 indulgentias

385 3145 440 3185 et
478 3136 759 3203 privilegia
798 3138 1215 3205 inquisitoribus
1255 3138 1550 3205 pravitatis
1590 3138 1835 3188 eiusdem
1874 3137 1928 3187 in
1967 3154 2131 3201 regno
2174 3133 2395 3185 Francie

384 3222 718 3272 auctoritate
756 3223 1056 3289 apostolica
1098 3224 1398 3290 deputatis,
1439 3241 1532 3273 seu
1573 3222 1747 3272 officio
1793 3219 2169 3288 Inquisitionis
2210 3217 2388 3268 huius·

383 3305 529 3354 modi
561 3307 630 3356 ab
661 3308 852 3357 eadem
885 3308 1020 3358 Sede
1065 3326 1336 3371 concessa,
1384 3325 1551 3374 quam
1595 3307 1896 3357 secundum
1944 3304 2229 3356 canonicas
2275 3319 2390 3352 san·

382 3388 605 3441 ctioneS.
648 3392 747 3441 Per
783 3392 1098 3443 huiusmodi
1133 3403 1319 3443 autem
1358 3392 1778 3458 deputationem
1816 3391 1881 3441 de
1919 3401 2014 3440 tua
2035 3405 2263 3455 persona
2295 3386 2388 3436 hu·

380 3471 615 3524 iusmodi
661 3476 1035 3542 Inquisitionis
1078 3476 1252 3526 officio
1294 3494 1388 3542 per
1428 3494 1525 3526 nos
1567 3476 1774 3526 factam
1814 3476 2058 3526 locorum
2081 3469 2379 3532 ordinariis,

380 3558 670 3621 quominus
716 3560 819 3626 ipsi
870 3560 1243 3627 Inquisitionis
1290 3559 1527 3609 officium
1574 3578 1735 3626 super
1779 3561 1899 3610 labe
1946 3557 2192 3625 predicta
2225 3562 2384 3621 prout

377 3640 572 3690 volunt
624 3645 879 3694 canonice
931 3645 1240 3695 sanctiones
1292 3661 1539 3693 exercere
1590 3645 1833 3705 valeant,
1867 3660 2078 3693 necnon
2128 3635 2380 3707 predictis

377 3724 459 3771 vel
492 3725 928 3795 quibuscumque
958 3729 1075 3779 aliis
1105 3728 1399 3795 privilegiis
1430 3728 1589 3777 dictis
1621 3729 1796 3779 ordini
1835 3728 1923 3778 vel
1968 3720 2378 3792 inquisitoribus

372 3823 465 3855 seu
483 3807 676 3873 officio,
695 3811 737 3860 si
758 3831 862 3877 qua
883 3813 992 3863 sint
1009 3814 1082 3863 eis
1102 3815 1171 3863 ab
1193 3812 1383 3863 eadem
1406 3812 1541 3863 Sede
1562 3830 1833 3876 concessa,
1854 3811 2107 3862 nolumus
2127 3806 2275 3875 preiu
2298 3803 2374 3856 di-
