2540 4354
403 339 503 394 256
789 358 1077 391 nummus
1122 358 1197 390 DE
1242 339 1658 399 L’QOsm-ion
1702 357 2024 402 ΡΒΛΝςΑιεΒ

455 504 495 544 1.
530 503 636 544 Voir
662 518 704 543 n.
733 503 815 542 143
847 501 969 555 (note
994 500 1056 553 9),
1083 501 1182 554 158,
1209 501 1307 542 167.

462 576 502 615 2.
535 574 650 614 Jean
681 573 767 625 ΙΙΙ,
796 572 834 612 le
859 571 972 624 Bon,
1005 570 1071 611 fils
1101 571 1321 612 d’Arthur
1351 571 1395 611 II
1425 579 1470 611 ct
1499 573 1553 612 de
1582 572 1719 612 Marie
1748 572 1802 612 de
1830 571 2051 625 Limoges,
2081 574 2135 613 ne
2163 573 2202 613 le
2231 574 2255 613 8
2298 587 2416 615 mars

404 646 537 692 12863
566 645 651 684 duc
681 644 735 684 de
761 642 999 695 Bretagne,
1027 641 1082 682 de
1109 641 1220 682 1312
1249 642 1274 681 ὲ
1302 642 1429 683 1341.
1460 642 1526 682 De
1553 642 1839 695 Mas—Latrie,
1869 642 2023 683 Τνέεοι·
2047 642 2098 683 de
2139 643 2421 696 chronologia,

403 714 484 755 col.
511 715 644 761 1573;
669 712 752 752 Art
775 712 826 752 de
849 711 1020 763 verifier
1042 711 1101 751 les
1125 711 1257 764 dates,
1286 711 1354 751 lle
1378 719 1515 765 part.‚
1541 720 1574 752 t.
1601 726 1707 764 xur,
1731 726 1775 765 p.
1803 712 1901 753 218.

1239 1126 1582 1186 -170—

476 1292 666 1341 Benoit
703 1289 830 1340 XII
870 1289 1044 1340 cle'cide
1083 1308 1179 1355 que
1219 1289 1262 1338 le
1301 1293 1481 1354 proces
1521 1289 1582 1338 de
1630 1288 1935 1339 Guillaume
1975 1289 2035 1338 de
2075 1289 2421 1353 Castiglione,

413 1376 544 1441 sre're
579 1374 805 1436 mineur,
842 1377 1024 1424 accuse'
1056 1373 1307 1423 d’he'rcisie
1340 1384 1384 1422 et
1417 1373 1477 1422 de
1511 1372 1750 1434 schisme,
1786 1373 1942 1423 deora
1974 1376 2073 1422 &tre
2090 1372 2308 1422 termine
2323 1391 2422 1438 par

414 1452 717 1510 Guillaume
757 1457 1023 1508 Lombard
1062 1469 1107 1508 et
1146 1475 1247 1523 par
1287 1457 1648 1523 l’inquisiteur
1687 1458 1748 1506 de
1789 1458 2069 1518 Provence,
2113 1460 2146 1507 ὰ
2186 1458 2238 1507 la
2277 1457 2423 1522 place

404 1543 490 1594 des
522 1547 731 1608 e'veques
763 1542 962 1593 d’Ostie
993 1553 1039 1592 et
1069 1541 1129 1592 de
1162 1541 1348 1602 Rodez,
1382 1542 1666 1607 empEcheS.
1700 1570 1770 1576 —
1801 1541 2073 1607 Avignon,
2110 1541 2172 1591 15
2207 1541 2415 1591 decem-

404 1628 497 1677 bre
535 1627 686 1678 1337.

755 1761 859 1814 Reg.
895 1761 1010 1814 Vae„
1041 1769 1074 1802 t.
1108 1775 1291 1814 cxxxn,
1322 1761 1397 1802 fol.
1431 1775 1544 1801 cvm
1576 1765 1642 1814 v⁰‚
1673 1775 1715 1801 n.
1747 1761 1845 1802 367.

482 1881 695 1931 Dilecto
738 1881 847 1931 filio
890 1881 1151 1946 magistro
1195 1881 1483 1931 Guillelmo
1527 1880 1842 1941 Lombardi,
1886 1880 2163 1945 preposito
2205 1880 2422 1931 ecclesie

405 1965 675 2016 Bariolen.
701 1964 741 2028 ¹,
785 1965 1112 2015 Foroiulien.
1157 1964 1405 2027 diocesis,
1448 1964 1580 2015 iuris
1622 1964 1796 2014 civilis
1839 1964 2236 2029 professori.—
2277 1964 2417 2014 Olim

405 2051 474 2100 ad
519 2049 861 2101 audientiam
904 2049 1080 2101 nostri
1122 2050 1469 2115 apostolatus
1514 2045 1753 2099 deducto
1799 2049 1947 2114 quod
1994 2048 2313 2099 Guillelmus
2358 2048 2422 2098 de

407 2125 714 2184 Castilione
739 2134 994 2196 Piscaria,
1031 2134 1096 2183 de
1130 2134 1358 2196 Thucia,
1395 2133 1598 2206 ordinis
1634 2134 1871 2183 fratrum
1907 2133 2200 2194 minorum,
2246 2151 2421 2183 roma-

405 2237 534 2269 nam
575 2235 806 2283 sequens
850 2218 1226 2280 Curiam,erat
1268 2220 1333 2268 de
1375 2218 1646 2268 scismatis
1689 2227 1745 2266 et
1787 2217 1987 2267 heresis
2030 2217 2259 2282 aliisque
2300 2217 2419 2266 hor-

406 2302 587 2353 rendis
623 2312 679 2351 et
713 2302 1054 2354 detestandis
1091 2302 1408 2352 criminibus
1446 2303 1801 2352 vehementer
1835 2312 2122 2367 suspectus
2158 2320 2221 2352 ac
2254 2300 2422 2350 etiam

407 2386 746 2449 diffamatus,
794 2405 891 2438 nos
941 2387 1035 2453 qui
1083 2387 1308 2438 crimina
1357 2387 1674 2437 huiusmodi
1721 2397 1776 2436 et
1823 2387 1928 2437 alia
1990 2404 2094 2451 que
2157 2385 2420 2436 catholice

411 2470 538 2521 fidei
580 2481 761 2521 essent
805 2472 967 2523 obvia
1012 2471 1278 2537 extirpari
1321 2472 1544 2537 ubique,
1591 2471 2012 2535 claritatemque
2069 2469 2237 2535 ipsius
2297 2468 2422 2519 fidei

406 2554 616 2607 illesam
663 2555 871 2607 servari
919 2555 1199 2606 desideriis
1240 2566 1499 2622 optamus
1536 2555 1784 2617 intensis,
1822 2555 1996 2621 primo
2016 2553 2422 2605 venerabilibus

407 2639 671 2690 fratribus
709 2639 910 2690 nostris
948 2640 1256 2691 Bertrando
1283 2641 1319 2702 2,
1361 2639 1589 2700 Ostien.,
1628 2650 1684 2689 et
1719 2639 1999 2691 Bernardo
2028 2639 2063 2700 3,
2088 2639 2418 2698 Ruthenen.,

409 2733 543 2774 tunc
582 2724 789 2776 decano
828 2724 1050 2775 ecclesie
1087 2724 1400 2789 Belvacen.‚
1440 2724 1728 2790 episcopis,
1768 2724 1894 2774 vive
1913 2723 2061 2773 vocis
2087 2721 2306 2773 oraculo
2326 2722 2424 2772 du-

410 2808 588 2858 ximus
623 2808 1104 2870 committendum,
1139 2819 1201 2857 ut
1233 2827 1395 2874 super
1428 2807 1706 2874 premissis
1740 2818 1795 2857 et
1826 2826 1886 2858 ea
1911 2806 2287 2872 tangentibus,
2305 2815 2419 2856 tam

410 2910 533 2941 cum
561 2893 753 2942 eodem
784 2892 1072 2943 Guillelmo
1103 2911 1271 2959 quam
1300 2892 1433 2943 alias
1463 2893 1766 2943 secundum
1795 2892 2104 2943 sanctiones
2135 2888 2419 2943 canonicas

410 2976 722 3027 faciendum
763 2977 1024 3026 existeret
1064 2977 1357 3028 veritatem
1400 2976 1713 3041 diligentius
1753 2975 2111 3041 inquirentes,
2152 2991 2313 3040 super
2351 2972 2421 3022 eis

409 3060 683 3110 iusticiam
716 3061 1058 3112 exhiberent.
1094 3062 1171 3110 Ac
1203 3060 1418 3122 deinde,
1452 3079 1578 3111 cum
1609 3060 1712 3127 ipsi
1743 3061 1812 3111 ad
1845 3070 2001 3110 actus
2034 3059 2245 3124 aliquos
2262 3074 2422 3123 super

411 3144 509 3193 hiis
561 3144 952 3210 processissent
1001 3144 1293 3211 dictusque
1346 3145 1662 3198 Ruthenen.
1712 3145 2000 3210 episcopus
2069 3144 2135 3193 de
2197 3158 2420 3192 romana

411 3228 568 3278 Curia
622 3247 677 3279 se
729 3230 1026 3280 absentans
1081 3230 1150 3280 ad
1205 3248 1362 3281 suam
1420 3230 1734 3280 Ruthenen.
1789 3228 2074 3278 ecclesiam
2119 3227 2183 3277 de
2238 3234 2420 3276 nostro

411 3313 752 3378 beneplacito
790 3314 1123 3377 accessisset,
1156 3332 1252 3364 nos
1290 3314 1573 3379 negotium
1612 3313 1855 3364 celeriter
1891 3313 2136 3363 volentes
2176 3313 2243 3362 ob
2274 3310 2422 3361 favo·

410 3414 522 3446 rem
573 3397 701 3447 fidei
749 3399 1008 3464 compleri
1057 3399 1386 3464 predictum,
1437 3409 1491 3447 te
1541 3397 1755 3463 prefato
1807 3397 2014 3448 Ostien.
2065 3395 2317 3462 episcopo
2364 3392 2418 3442 in

410 3481 602 3530 eodem
647 3482 869 3546 negotio
917 3500 1012 3548 per
1058 3493 1275 3533 nostras
1325 3482 1460 3531 certi
1505 3481 1710 3532 tenoris
1757 3481 2018 3532 litteras⁴
2079 3478 2415 3545 providimus

411 3563 842 3629 adiungendum.
894 3565 1030 3616 Cum
1077 3577 1267 3617 autem
1315 3566 1572 3631 inquesta
1620 3582 1784 3631 super
1812 3565 2085 3631 premissis
2128 3562 2412 3632 completa,

412 3659 472 3696 ut
526 3648 914 3711 intelleximus,
956 3649 1122 3699 fuerit
1162 3650 1240 3701 ita
1280 3650 1428 3715 quod
1478 3667 1674 3714 parum
1725 3660 1825 3700 aut
1869 3647 2034 3698 nichil
2083 3655 2258 3697 restat
2316 3641 2416 3695 nisi

412 3731 610 3780 decisio
690 3732 958 3795 facienda,
1038 3751 1135 3784 nos
1216 3733 1569 3785 attendentes
1650 3732 1796 3798 quod
1877 3733 2056 3782 dictus
2134 3731 2419 3797 episcopus
