2540 4354
858 414 865 421 -
948 397 1095 432 snut
1134 399 1263 432 χχιι
2025 382 2094 434 89

245 508 450 561 ntibus
497 509 807 563 interclusa.
857 538 926 548 —
953 511 1182 562 Datum
1231 511 1506 574 Avinioni,
1571 511 1884 563 novembris
1949 504 2091 579 (sic),

157 620 162 636 ι
216 609 248 643 o
275 602 491 646 octavo.

939 1055 1223 1116 -52-

179 1226 509 1280 L’ordinaire
536 1230 660 1282 dont
687 1231 732 1282 le
759 1231 863 1283 sire
890 1232 951 1283 de
981 1232 1280 1298 Parthenay
1308 1242 1380 1282 est
1408 1232 1453 1282 le
1480 1231 1614 1296 suffe!
1645 1250 1707 1282 ”0
1735 1241 1965 1296 P⁰¹W⁰n²
1992 1235 2091 1281 3⁰²³

240 1323 406 1364 omem
434 1313 727 1377 determine,
759 1318 792 1365 ὰ
822 1333 976 1366 cause
1005 1315 1065 1366 de
1095 1315 1148 1365 la
1180 1314 1508 1381 multiplicia}
1538 1315 1625 1372 dee
1654 1313 1918 1364 domicile-s
1949 1313 2008 1363 de
2038 1332 2090 1363 ce

138 1392 367 1463 ⁹⁸gmour,
397 1396 443 1447 lo
469 1415 608 1464 pape
634 1398 807 1450 decide
834 1418 929 1466 que
957 1401 1029 1450 les
1057 1403 1263 1466 ένέᾳιιεε
1291 1399 1513 1450 d’Arras
1541 1410 1586 1450 et
1613 1399 1673 1450 de
1710 1398 1910 1449 Viviers
1938 1416 2091 1464 pren·

118 1473 148 1554 'f
171 1488 261 1531 ont
296 1496 358 1530 sa
395 1480 542 1546 place
581 1499 653 1532 au
691 1482 927 1534 tribunal
965 1483 1363 1549 d’Inquisidon,
1407 1487 1597 1548 aupre’s
1637 1483 1697 1532 de
1737 1481 2091 1547 l’inquisiteur

110 1562 127 1623 fl
177 1560 353 1615 eutice
378 1562 440 1615 de
467 1562 804 1617 Saint-Paul.
835 1594 905 1602 —
933 1566 1200 1631 Avignon,
1232 1566 1262 1617 5
1292 1568 1584 1616 novembre
1618 1565 1767 1617 1323.

443 1717 550 1772 Reg.
577 1718 693 1772 Vel„
715 1726 751 1763 t.
777 1732 892 1773 exn,
914 1733 959 1763 ιι.
982 1720 1087 1771 507;
1111 1720 1259 1773 Vidal,
1282 1720 1358 1762 loc.
1383 1719 1466 1768 cit⁸¹
1493 1734 1537 1774 p.
1562 1721 1661 1762 428.

131 1849 588 1904 Venerabilibus
620 1852 879 1904 fratribus
915 1855 1094 1916 Petro,
1127 1854 1471 1916 Atrabaten„
1503 1865 1558 1904 et
1593 1857 1771 1921 Petro,
1817 1855 2086 1908 Vivarien.

112 2003 120 2007 „
180 1927 392 2003 ⁴‘'oopis,
428 1945 485 1986 et
521 1935 718 1987 dilecto
758 1936 868 1988 filio
907 1937 1165 1988 Mauricio
1202 1938 1267 1988 de
1307 1938 1507 1989 Sancto
1548 1939 1732 2001 Paulo,
1784 1938 2091 2005 inquisitori

122 1933 181 2153 ἐι
219 2043 265 2067 --ιι
262 2010 340 2071 ἀα
378 2018 672 2086 pravitatis
711 2019 768 2071 in
809 2020 1089 2087 provincia
1130 2021 1401 2072 Turonen.
1444 2022 1773 2073 auctoritate
1792 2022 2088 2089 apostolica

127 2092 136 2097 i
165 2108 394 2154 -Mutato
425 2131 495 2142 —
525 2102 740 2155 Pridem
779 2122 876 2171 pro
917 2115 1073 2170 parte
1114 2104 1216 2155 viri
1233 2104 1426 2155 nobilis
1446 2104 1730 2169 Johannis,
1748 2105 1881 2156 dicti
1902 2105 2085 2157 Archi·

135 2183 363 2255 copi,
395 2185 600 2237 domini
632 2187 697 2237 de
731 2186 1037 2239 Pertiniaco
1069 2189 1198 2256 [etc.,
1232 2188 1342 2238 voit
1372 2207 1547 2239 ausen.
1573 2188 1655 2251 46,
1677 2188 1803 2239 4712
1828 2189 2086 2239 detaildes

264 2305 269 2311 -
335 2268 596 2320 narrative
625 2280 671 2321 et
700 2269 978 2337 dispositu
981 2290 1021 2333 e,
1053 2271 1228 2338 jusqu’
1234 2275 1266 2322 ὰ
1297 2272 1349 2322 la
1381 2272 1457 2337 fin
1487 2272 1558 2322 du
1590 2292 1639 2323 n.
1675 2272 1779 2339 47].
1815 2273 1948 2322 Cum
1995 2290 2084 2321 au·

205 2361 478 2419 propter
509 2352 722 2405 diversa
756 2352 1027 2405 domicilia
1062 2372 1165 2421 que
1200 2354 1378 2406 dictus
1412 2355 1651 2406 nobilis
1639 2374 1691 2405 ιιι
1718 2355 1941 2405 d1verS1s
1959 2355 2086 2406 locis

175 2429 306 2487 Bere
348 2433 563 2499 dicitur,
608 2436 727 2503 quis
770 2437 883 2488 eius
926 2437 998 2488 sit
1040 2437 1357 2489 diocesanus
1401 2438 1637 2489 hesitari
1665 2438 2016 2504 probabiliter
2034 2449 2084 2488 et

145 2517 179 2535 ’
228 2543 233 2559 ι
293 2536 387 2570 um
423 2530 606 2586 posset
643 2519 955 2572 huiusmodi
992 2540 1100 2572 non
1140 2524 1343 2588 absque
1384 2521 1630 2587 periculis
1668 2521 1949 2583 retardari,
1989 2539 2086 2571 nos

141 2656 150 2671 ἔ
228 2636 234 2643 ·
305 2601 408 2654 hiis
442 2612 499 2654 et
535 2621 601 2654 ne
639 2603 817 2655 dictus
855 2605 1049 2656 nobilis
1087 2607 1246 2671 longa
1285 2605 1597 2655 detentione
1636 2604 1859 2655 carceris
1898 2615 2085 2654 contra

188 2682 380 2736 ’·“αἰιιιιι
425 2698 778 2753 pregravetur
824 2687 1051 2750 diucius,
1101 2689 1381 2755 providere
1442 2687 1729 2739 salubriter
1789 2688 2083 2754 cupienteS,

265 2767 420 2821 tioni
465 2780 643 2822 vestre
694 2790 787 2839 per
836 2772 1132 2839 apostolica
1183 2772 1384 2838 scripta
1436 2772 1758 2822 mandamus
1808 2771 2090 2837 quatinus,

127 2915 134 2927 r
165 2843 175 2888 .'
203 2887 228 2915 ,
256 2850 388 2904 dicti
414 2853 668 2921 episcopi,
699 2856 785 2906 vel
815 2856 951 2906 alter
980 2867 1223 2906 vestrum
1254 2874 1360 2905 una
1392 2866 1591 2917 tecum,
1621 2854 1938 2921 inquisitore
1969 2872 2082 2920 pre·

184 2965 195 2974 ι
240 2935 490 3002 ·,·prefati
505 2937 698 2988 nobilis
715 2937 1021 3004 irrequisito
1040 2939 1342 3000 diocesano,
1362 2937 1464 2988 nisi
1480 2948 1607 2989 ante
1625 2937 2083 3004 presentationem

159 3017 176 3030 ⁴
197 3075 203 3080 ,
248 3052 255 3058 -
281 3017 444 3071 ·tium
473 3019 629 3072 vobis
659 3021 968 3073 faciendam
1000 3021 1272 3073 extitisset
1304 3039 1463 3087 super
1496 3020 1595 3071 hiis
1616 3020 1721 3087 (cui
1752 3021 1804 3070 in
1824 3020 1923 3071 tali
1954 3039 2080 3071 casu

242 3099 440 3153 dicare
475 3120 586 3155 non
621 3103 976 3171 intendimus)
1016 3105 1250 3155 forcitan
1284 3103 1592 3170 requisitus,
1641 3114 1849 3154 mature
1903 3121 2082 3170 proce·

181 3208 183 3212 ·
221 3219 227 3224 -
261 3199 421 3251 super
446 3186 637 3238 eodem
664 3188 885 3254 negocio
914 3187 1208 3250 studeatis;
1257 3187 1484 3239 aliarum
1526 3186 1831 3237 litterarum
1873 3197 2076 3237 nostra·

265 3267 543 3320 tenoribus
580 3269 735 3337 plene
772 3289 933 3338 super
971 3271 1220 3322 omnibus
1259 3270 1374 3321 aliis
1414 3269 1730 3320 observatis.
1771 3298 1838 3305 —
1879 3270 2081 3319 Datum

190 3344 380 3414 ”ιιόιιὶ,
412 3349 568 3403 nonis
600 3353 928 3417 novembris,
964 3371 1107 3405 anno
1141 3364 1355 3405 octavo.
