2540 4354
466 341 566 393 186
854 355 1142 390 suumne
1179 355 1253 386 DE
1289 336 1706 395 L’lNQulsl'rION
1751 350 2070 394 riomense

462 467 550 516 der
585 465 850 516 lui-meme.
880 481 998 514 avec
1028 461 1147 512 soin
1182 463 1214 510 ὰ
1253 461 1306 511 la
1335 458 1608 528 pour-suite
1639 459 1726 509 des
1770 457 2157 524 he'retiques.-—
2184 457 2461 523 Avignon,
2532 507 2535 511 ,

464 552 526 602 13
569 551 864 601 novembre
911 547 1060 604 1332.

803 681 909 732 Reg.
939 679 1053 732 Vat„
1077 688 1110 721 t.
1138 693 1284 732 cxvn,
1307 695 1350 720 n.
1377 680 1480 728 771;
1504 677 1650 731 Vidal,
1674 678 1843 730 Proces,
1867 683 1968 728 etc„
1992 690 2035 730 p.
2061 677 2157 718 685.

536 788 790 850 Guidoni,
835 787 1091 853 episcopo
1139 786 1312 836 Elnen
1354 785 1392 837 1.
1439 815 1507 821 ——
1555 785 1809 851 Receptis
1856 782 2084 849 benigne
2105 782 2468 834 fraternitatis
2535 787 2540 849 ζ

462 883 555 922 tue
590 871 785 921 litteris
821 881 876 920 et
912 888 1016 936 que
1052 870 1481 921 continebantur
1514 870 1568 919 in
1605 869 1677 918 eis
1713 868 1924 934 plenius
1959 867 2267 928 intellectis,
2304 867 2466 916 devo·
2538 890 2540 894 ·

459 957 666 1007 tionem
707 966 863 1006 tuam
905 966 959 1004 et
1001 954 1409 1020 providentiam
1451 972 1612 1019 super
1653 953 1753 1003 hiis
1795 952 2092 1019 plurimum
2133 951 2187 1000 in
2231 951 2464 1000 Domino
2536 954 2540 958 '

460 1041 927 1101 commendantes,
953 1057 1074 1088 ecce
1101 1039 1247 1104 quod
1272 1038 1548 1089 carissimo
1573 1037 1627 1087 in
1652 1037 1864 1088 Christo
1892 1036 2000 1086 filio
2026 1046 2210 1086 nostro
2237 1035 2462 1095 Jacobo,
2536 1030 2540 1033 ’

459 1124 570 1189 regi
609 1121 991 1174 Maioricarum
1028 1123 1242 1183 illustri,
1282 1141 1376 1188 per
1411 1133 1626 1172 nostras
1665 1123 1874 1171 clausas
1912 1120 2197 1170 scribimus
2233 1119 2462 1181 litteras,
2522 1112 2540 1166 [7

459 1227 698 1274 quorum
749 1218 998 1258 tenorem
1049 1207 1295 1257 continet
1348 1207 1536 1256 cedula
1590 1205 1934 1271 presentibus
1985 1205 2296 1255 interclusa.
2369 1205 2467 1254 Per

458 1292 590 1343 alias
615 1291 782 1343 etiam
806 1302 1060 1358 patentes
1083 1292 1296 1342 litteras
1320 1301 1414 1340 tue
1433 1290 1674 1356 predicte
1693 1289 2031 1340 fraternitati
2050 1299 2195 1339 certa
2217 1288 2464 1338 commit·
2536 1322 2540 1334 2

458 1377 624 1426 timus
661 1395 822 1442 super
856 1376 1184 1441 extirpanda
1220 1375 1274 1425 in
1310 1375 1382 1425 eis
1418 1375 1668 1441 partibus
1704 1374 1941 1424 heretica
1977 1373 2271 1439 pravitate,
2309 1383 2463 1423 tuam

457 1463 707 1511 eamdem
763 1460 1172 1526 providentiam
1226 1460 1500 1510 attencius
1555 1460 1930 1521 exhortantes,
2001 1457 2279 1524 quatinuS,
2350 1468 2464 1506 tam

459 1546 597 1595 circa
620 1545 1008 1595 instruendum
1029 1555 1083 1594 et
1103 1545 1477 1594 inducendum
1496 1562 1678 1609 regem
1700 1544 1934 1592 eundem
1955 1553 2018 1592 ut
2052 1542 2250 1592 nostris
2282 1541 2462 1606 acqui-

458 1640 608 1680 escat
648 1629 957 1680 salubribus
998 1629 1498 1690 exhortationibus,
1542 1647 1708 1695 quam
1729 1628 1866 1678 circa
1887 1626 2267 1677 executionem
2287 1626 2464 1691 provi-

458 1715 587 1764 dam
631 1714 1026 1764 commissionis
1070 1714 1313 1779 predicte
1356 1713 1430 1764 sic
1471 1724 1566 1763 tue
1609 1712 1970 1763 solicitudinis
2013 1711 2259 1762 studium
2301 1711 2463 1760 inter-

458 1818 631 1866 ponas
676 1800 823 1866 quod
866 1799 1111 1849 divinam
1155 1810 1209 1848 ct
1251 1809 1498 1849 nostram
1541 1816 1607 1847 ex
1650 1798 1751 1847 hoc
1794 1796 2188 1847 benedictionis
2233 1795 2463 1860 gratiam

459 1884 678 1934 uberius
709 1884 979 1951 merearis.
1011 1912 1079 1919 —
1110 1884 1335 1946 Datum,
1365 1883 1547 1934 idibus
1592 1881 1924 1943 novembris,
1971 1900 2113 1932 anno
2147 1880 2356 1930 decimo
2386 1897 2461 1929 se-

453 1975 646 2041 ptimo.

527 2060 785 2126 Sequitur
812 2071 969 2110 tenor
996 2061 1186 2111 cedule
1213 2061 1279 2110 de
1306 2080 1413 2127 qua
1440 2060 1495 2111 in
1523 2061 1771 2127 proxima
1801 2056 2113 2127 precedenti
2139 2069 2271 2108 nota
2301 2058 2460 2108 habe-

452 2155 547 2194 tur
576 2145 798 2195 mentio.
832 2146 899 2210 (Il
929 2145 1089 2210 s’agit
1118 2146 1183 2195 de
1210 2146 1260 2196 la
1289 2146 1450 2195 lettre
1479 2164 1549 2196 au
1577 2146 1656 2196 roi
1686 2145 1778 2212 qui
1808 2145 2075 2212 precede.)

504 2328 544 2369 1.
578 2326 684 2369 Voir
710 2343 753 2369 n.
782 2327 863 2369 125
896 2327 974 2381 bis,
1002 2336 1108 2370 note
1134 2329 1173 2369 1.

1207 2770 1283 2776 -
1324 2734 1439 2794 125
1473 2735 1573 2794 bis
1615 2769 1689 2777 —

518 2920 589 2968 Le
627 2938 765 2984 pape
804 2919 1016 2968 concede
1055 2923 1088 2969 ἀ
1136 2917 1238 2969 Gai
1280 2919 1340 2969 de
1383 2920 1626 2981 Terrena,
1670 2923 1850 2986 e'veque
1890 2919 2095 2980 d’Elne,
2138 2921 2181 2969 le
2234 2919 2450 2985 ροιινοὶν

447 3004 700 3054 d'exercer
734 3003 820 3053 cles
855 3003 1154 3068 pour-suites
1190 3015 1359 3054 contre
1395 3005 1464 3053 les¹
1501 3004 1783 3070 heretiques
1819 3004 1878 3054 de
1913 3024 2008 3054 son
2043 3005 2256 3065 diocese,
2298 3007 2453 3053 meme

446 3107 510 3138 en
538 3088 718 3138 dehors
748 3087 834 3137 des
864 3087 1056 3137 limites
1085 3088 1145 3137 de
1174 3107 1225 3138 ce
1254 3088 1474 3138 dernier.
1508 3118 1575 3123 —
1605 3089 1875 3154 Avignon,
1907 3089 1939 3138 9
1968 3090 2265 3138 novembre
2298 3087 2444 3138 1332.

783 3221 888 3273 Reg.
916 3222 1029 3272 Vah,
1050 3228 1083 3262 t.
1106 3236 1287 3274 cxxvii,
1307 3222 1383 3263 fol.
1407 3224 1475 3274 99,
1497 3238 1539 3263 ιι.
1561 3223 1665 3271 49ος
1688 3222 1834 3275 Vidal,
1854 3222 2062 3264 Proces...
2085 3228 2224 3264 contre
2243 3221 2454 3263 Adhe'mar

728 3292 779 3333 de
803 3292 982 3345 Mos-set,
1008 3307 1050 3346 p.
1080 3293 1176 3334 685.

512 3407 826 3458 Venerabili
859 3406 1014 3457 fratri
1051 3407 1286 3457 Guidoni
1321 3406 1356 3468 ¹·‚
1392 3408 1647 3473 episcopo
1686 3409 1874 3459 Elnen.
1912 3438 1979 3444 ——
2014 3408 2290 3458 Catholice
2329 3406 2448 3457 fidei

446 3491 685 3556 negocio,
730 3502 792 3541 ut
834 3491 1111 3558 extirpata
1155 3492 1354 3542 heresis
1397 3503 1548 3558 peste
1593 3494 1658 3542 de
1718 3494 1894 3543 medio
1959 3493 2200 3543 fidelium
2258 3492 2447 3543 clarius

450 3575 649 3640 ubique
679 3576 811 3626 fides
838 3576 955 3641 ipsa
982 3575 1306 3642 prefulgeat,
1333 3577 1581 3627 favorem
1609 3595 1771 3643 quem
1798 3579 2100 3627 secundum
2131 3578 2305 3626 Deum
2331 3593 2447 3643 pos·

446 3677 633 3709 sumus
674 3659 988 3725 impendere
1030 3660 1329 3726 cupientes,
1372 3661 1710 3712 fraternitati
1751 3672 1911 3711 tue...
1957 3672 2019 3710 ut
2061 3672 2248 3711 contra
2292 3678 2445 3726 quos-

451 3760 684 3807 cumque
719 3742 863 3794 viros
900 3754 955 3794 et
992 3744 1241 3794 mulieres
1277 3754 1501 3795 tuarum
1538 3744 1780 3795 civitatis
1816 3756 1871 3795 et
1907 3745 2133 3795 diocesis
2170 3753 2465 3811 suspectos-
