2540 4354
462 361 564 412 474
871 380 1158 413 nuLLAmE
1198 382 1270 412 DE
1308 362 1723 423 L’INQUISITION
1770 382 2090 424 FRANcArsE

458 492 871 560 privilegiorum
908 494 1164 562 episcopo
1203 506 1259 547 et
1295 496 1517 548 ecclesie
1556 497 1801 549 Anicien.
1842 517 1870 548 a
1905 497 2038 549 Sede
2077 497 2377 564 apostolica
2416 509 2476 550 ut

460 577 723 630 asseritur
768 595 1150 630 concessorum
1196 580 1547 647 inquisitores
1594 582 1829 634 heretice
1875 580 2171 648 pravitatis
2217 581 2272 633 in
2314 600 2473 648 regno

465 661 691 712 Francie
730 663 800 712 ab
839 664 1034 714 eadem
1073 664 1209 715 Sede
1248 665 1508 732 deputati
1544 665 1601 716 in
1640 666 1868 717 civitate
1907 677 1963 715 et
2002 665 2206 717 diocesi
2235 665 2473 719 Anicien.

465 764 568 812 que
617 746 673 796 in
721 745 870 797 dicto
919 765 1082 813 regno
1136 749 1448 800 consistunt
1497 768 1607 800 non
1656 750 2034 816 permituntur
2080 755 2270 801 eorum
2319 767 2475 815 super

460 829 802 896 inquirendis
834 832 1107 883 erroribus
1143 851 1390 884 exercere
1425 834 1683 897 officium,
1721 836 1893 886 multa
1924 834 1982 887 in
2013 834 2221 886 eisdem
2254 833 2475 885 civitate

461 924 520 966 et
573 913 775 966 diocesi
828 916 1096 967 hactenus
1155 917 1399 981 crimina,
1456 918 1737 982 vaticinia,
1794 918 2090 984 sortilegia,
2146 917 2371 984 auguria
2424 929 2477 969 et

468 999 738 1050 maleficia
779 999 883 1051 alia
925 1000 1215 1053 commissa
1257 1003 1483 1054 fuerunt
1521 1015 1577 1054 et
1617 1003 2047 1056 committuntur
2083 1013 2140 1052 et
2178 1021 2240 1053 ea
2270 1020 2476 1053 reman-

470 1094 662 1134 serunt
696 1095 754 1134 et
789 1096 1081 1136 remanent
1116 1085 1420 1153 impunita3
1459 1091 1603 1139 unde
1651 1088 1977 1154 multiplices
2015 1104 2224 1138 errores
2258 1084 2479 1139 heretici

470 1168 607 1219 inibi
648 1168 753 1218 orti
794 1169 1022 1222 fuerunt
1061 1181 1116 1220 et
1160 1171 1413 1222 oriuntur
1450 1183 1510 1221 et
1549 1173 1604 1239 ign
1645 1191 1734 1224 eos
1778 1174 1959 1240 plures
1979 1171 2222 1239 prolapsi
2261 1172 2479 1223 fuerunt

468 1263 527 1304 et
559 1253 930 1319 prolabuntur
962 1256 1028 1305 de
1061 1256 1321 1321 presenti.
1359 1258 1468 1307 Nos
1501 1257 1668 1323 igitur
1701 1267 1817 1309 tam
1850 1256 2003 1308 letali
2035 1257 2226 1307 morbo
2259 1273 2324 1306 ne
2357 1256 2476 1309 feda

474 1338 800 1403 contagione
852 1339 1135 1391 occasione
1199 1340 1613 1408 privilegiorum
1675 1341 1993 1393 huiusmodi
2039 1342 2127 1391 vel
2171 1339 2303 1391 alias
2349 1339 2479 1391 chri-

473 1424 696 1475 sticolas
733 1423 968 1485 inficiat,
1005 1435 1172 1490 prout
1189 1427 1258 1478 ad
1277 1437 1530 1477 nostrum
1551 1437 1769 1492 spectat
1801 1425 2061 1486 officium,
2096 1425 2342 1475 volentes
2361 1441 2480 1476 con·

476 1528 667 1574 gruam
706 1507 969 1563 adhibere
1011 1510 1298 1572 medelam,
1340 1510 1661 1563 discretioni
1698 1522 1791 1562 tue
1832 1530 1927 1576 per
1958 1508 2263 1577 apostolica
2281 1508 2480 1576 scripta

478 1593 881 1645 committimus
911 1604 969 1644 et
1002 1597 1333 1647 mandamus
1367 1595 1632 1661 quatinus
1663 1615 1837 1662 usque
1870 1598 1939 1648 ad
1972 1593 2319 1648 trienniuma
2351 1595 2483 1658 data⁴

477 1677 818 1744 presentium
862 1682 1322 1746 computandum,
1367 1698 1464 1746 per
1504 1691 1577 1743 te,
1622 1681 1708 1730 vel
1750 1680 1938 1742 alium,
1983 1698 2078 1730 seu
2120 1678 2252 1733 alios
2296 1687 2478 1731 contra
2532 1723 2534 1725 ,

479 1780 667 1813 omnes
703 1773 760 1813 et
795 1763 1035 1829 singulas
1073 1781 1332 1830 personas
1371 1764 1645 1816 dictarum
1685 1764 1928 1815 civitatis
1962 1774 2020 1815 et
2051 1762 2277 1814 diocesis
2314 1761 2482 1813 cuius·

480 1866 716 1914 cumque
745 1858 945 1912 status,
977 1850 1196 1915 gradus,
1227 1849 1431 1901 ordinis
1462 1851 1549 1901 vel
1579 1848 1910 1901 conditionis
1931 1847 2138 1900 fuerint
2154 1858 2210 1899 et
2229 1865 2483 1914 quacum·

481 1951 584 1998 que
626 1934 976 1999 prefulgeant
1015 1933 1309 2000 dignitate,
1355 1954 1458 2000 que
1500 1937 1566 1987 de
1606 1936 1729 1988 labe
1770 1932 1972 1985 heresis
2013 1943 2071 1982 et
2101 1931 2234 1986 alias
2275 1932 2339 1983 de
2382 1931 2483 1983 fido
2539 1941 2540 1944 ’

479 2028 734 2083 suspecte
764 2021 851 2070 vel
881 2018 1170 2073 diffamate
1201 2019 1407 2069 fuerint
1438 2019 1774 2070 auctoritate
1805 2029 1996 2070 nostra
2027 2015 2268 2083 inquiras
2288 2026 2342 2066 et
2370 2014 2484 2066 illas

480 2121 550 2153 ex
587 2100 660 2153 eis
681 2121 816 2168 quas
846 2102 902 2154 in
942 2103 1173 2154 heresim
1213 2105 1496 2170 prolapsas
1534 2123 1651 2155 esse
1687 2103 1951 2169 repereris
1990 2102 2144 2153 iuxta
2176 2117 2363 2152 eorum
2399 2101 2484 2150 de-

484 2187 678 2238 merita
711 2187 909 2254 punias
942 2200 997 2239 et
1029 2188 1295 2255 corrigas3
1327 2199 1383 2238 et
1413 2188 1546 2240 alias
1578 2188 1634 2238 in
1666 2187 1895 2239 civitate
1927 2197 1984 2236 et
2015 2185 2219 2238 diocesi
2235 2181 2485 2253 predictis

480 2271 536 2322 in
567 2291 943 2338 quoscumque
981 2273 1359 2338 Inquisitionis
1392 2273 1630 2324 officium
1662 2272 1860 2339 exequi
1886 2282 1945 2321 et
1973 2289 2220 2322 exercere
2239 2283 2486 2335 procures
2535 2265 2536 2268 ’

483 2356 1097 2423 quovis‘appellationis
1130 2360 1416 2409 obstaculo
1446 2357 1667 2420 reiecto,
1700 2375 1862 2424 super
1893 2374 1999 2422 quo
2030 2354 2134 2406 tibi
2162 2366 2347 2405 tenore
2376 2369 2486 2417 pre-

482 2442 725 2493 sentium
776 2443 996 2508 plenam
1050 2444 1399 2495 concedimus
1452 2439 2140 2509 potestatemzpriyilegiis
2184 2431 2488 2489 huiusmodi

483 2527 653 2578 etiam
697 2526 741 2577 si
784 2529 848 2578 de
893 2527 1110 2579 illorum
1155 2528 1287 2579 totis
1333 2526 1615 2579 tenoribus
1659 2537 1804 2579 esset
1859 2525 2204 2592 presentibus
2248 2517 2486 2588 specialis

484 2621 542 2660 et
586 2629 842 2678 expressa
893 2612 1099 2662 mentio
1159 2612 1410 2664 facienda
1469 2629 1823 2677 nequaquam
1871 2609 2251 2668 obstantibus;
2298 2603 2486 2672 quibus

485 2695 619 2747 alias
657 2697 912 2746 nolumus
949 2696 1004 2747 in
1040 2696 1222 2763 aliquo
1262 2696 1624 2762 preiudicium
1663 2694 1926 2762 generari.
1965 2724 2032 2730 -—
2070 2695 2276 2743 Datum
2325 2686 2484 2748 Nicie,

490 2801 564 2832 xv
613 2782 873 2832 kalendas
924 2781 1124 2844 martii,
1173 2780 1535 2848 pontificatus
1584 2780 1759 2832 nostri
1803 2799 1947 2830 anno
1995 2777 2300 2830 undecimo.

551 2958 591 2998 1.
624 2959 812 3000 Bonitus
834 2959 949 3000 Litel
975 2958 1046 3010 (cf.
1070 2975 1113 3000 ιι.
1137 2961 1236 3012 324,
1259 2967 1364 3000 note
1386 2958 1427 3011 1)
1454 2974 1512 3000 ou
1533 2958 1636 2999 bien
1661 2958 1808 2999 Pierre
1828 2958 1877 2998 de
1898 2955 2123 2998 Matriolis
2148 2953 2218 3006 (cf.
2242 2967 2283 2993 ιι.
2305 2947 2416 2994 333).

1340 3469 1412 3476 —
1455 3432 1676 3491 333—

2517 3427 2520 3444 ι

2516 3453 2520 3485 Ι

568 3610 756 3659 Βεηοῖι
800 3608 959 3659 XIII
1003 3608 1212 3671 delegate
1256 3607 1391 3656 deux
1433 3604 1717 3655 chanoines
1761 3603 1820 3652 de
1865 3600 2153 3650 Narbonne
2197 3610 2326 3660 pour
2365 3584 2517 3653 faire

494 3692 699 3757 justice,
734 3712 757 3741 s
763 3692 823 3742 ’il
854 3711 886 3757 y
918 3710 950 3740 a
980 3691 1103 3752 lieu,
1139 3695 1171 3740 ὰ
1205 3690 1433 3740 Arnaud
1466 3690 1680 3748 Pastou‚
1717 3687 1775 3736 de
1822 3687 2049 3743 Caunos,
2085 3681 2264 3731 accuse}
2295 3690 2389 3740 par
2415 3665 2516 3731 sesi

492 3776 758 3837 ennemis,
799 3776 987 3826 devant
1034 3775 1395 3842 l’inquisiteur
1442 3774 1502 3823 de
1551 3774 1938 3832 Carcassonne
1977 3765 2183 3817 d’cwoir.
2212 3751 2514 3828 ὂίαερὴὲΜ

2523 3009 2527 3079 Ι
