<?xml version="1.0" encoding="UTF-8"?>
<!DOCTYPE html PUBLIC "-//W3C//DTD XHTML 1.0 Transitional//EN"
    "http://www.w3.org/TR/xhtml1/DTD/xhtml1-transitional.dtd">
<html xmlns="http://www.w3.org/1999/xhtml" xml:lang="en" lang="en">
 <head>
  <title>
</title>
<meta http-equiv="Content-Type" content="text/html;charset=utf-8" />
  <meta name='ocr-system' content='tesseract 3.04.00' />
  <meta name='ocr-capabilities' content='ocr_page ocr_carea ocr_par ocr_line ocrx_word'/>
</head>
<body>
  <div class='ocr_page' id='page_1' title='image "./bullairedelinqui00cathuoft_0563.png"; bbox 0 0 2540 4354; ppageno 0'>
   <div class='ocr_carea' id='block_1_1' title="bbox 0 603 218 4354">
    <p class='ocr_par' dir='ltr' id='par_1_1' title="bbox 0 603 218 4354">
     <span class='ocr_line' id='line_1_1' title="bbox 0 603 42 837; baseline 0 -63"><span class='ocrx_word' id='word_1_1' title='bbox 0 603 42 837; x_wconf 95' lang='lat' dir='ltr'>   </span> 
     </span>
     <span class='ocr_line' id='line_1_2' title="bbox 0 837 43 980; baseline 0 0"><span class='ocrx_word' id='word_1_2' title='bbox 0 837 43 980; x_wconf 95' lang='lat' dir='ltr'>  </span> 
     </span>
     <span class='ocr_line' id='line_1_3' title="bbox 0 980 50 1269; baseline 0 -86"><span class='ocrx_word' id='word_1_3' title='bbox 0 980 50 1269; x_wconf 95' lang='lat' dir='ltr'>    </span> 
     </span>
     <span class='ocr_line' id='line_1_4' title="bbox 0 1269 76 1914; baseline 0 -452"><span class='ocrx_word' id='word_1_4' title='bbox 0 1269 76 1914; x_wconf 95' lang='lat' dir='ltr'>   </span> 
     </span>
     <span class='ocr_line' id='line_1_5' title="bbox 0 1914 148 2168; baseline 0 -32"><span class='ocrx_word' id='word_1_5' title='bbox 0 1914 148 2168; x_wconf 95' lang='lat' dir='ltr'>   </span> 
     </span>
     <span class='ocr_line' id='line_1_6' title="bbox 0 2168 78 2301; baseline 0 -84"><span class='ocrx_word' id='word_1_6' title='bbox 0 2168 78 2301; x_wconf 95' lang='lat' dir='ltr'>   </span> 
     </span>
     <span class='ocr_line' id='line_1_7' title="bbox 0 2301 153 2589; baseline 0 -122"><span class='ocrx_word' id='word_1_7' title='bbox 0 2301 153 2589; x_wconf 95' lang='lat' dir='ltr'>   </span> 
     </span>
     <span class='ocr_line' id='line_1_8' title="bbox 0 2589 189 2845; baseline 0 -35"><span class='ocrx_word' id='word_1_8' title='bbox 0 2589 189 2845; x_wconf 95' lang='lat' dir='ltr'>    </span> 
     </span>
     <span class='ocr_line' id='line_1_9' title="bbox 6 2845 179 3146; baseline 0 -212"><span class='ocrx_word' id='word_1_9' title='bbox 6 2845 179 3146; x_wconf 95' lang='lat' dir='ltr'>    </span> 
     </span>
     <span class='ocr_line' id='line_1_10' title="bbox 0 3146 185 3261; baseline 0 0"><span class='ocrx_word' id='word_1_10' title='bbox 0 3146 185 3261; x_wconf 95' lang='lat' dir='ltr'>  </span> 
     </span>
     <span class='ocr_line' id='line_1_11' title="bbox 0 3261 196 3430; baseline 0 -33"><span class='ocrx_word' id='word_1_11' title='bbox 0 3261 196 3430; x_wconf 95' lang='lat' dir='ltr'>   </span> 
     </span>
     <span class='ocr_line' id='line_1_12' title="bbox 0 3430 202 3512; baseline 0 0"><span class='ocrx_word' id='word_1_12' title='bbox 0 3430 202 3512; x_wconf 95' lang='lat' dir='ltr'>  </span> 
     </span>
     <span class='ocr_line' id='line_1_13' title="bbox 0 3512 193 3645; baseline 0 -50"><span class='ocrx_word' id='word_1_13' title='bbox 0 3512 193 3645; x_wconf 95' lang='lat' dir='ltr'>   </span> 
     </span>
     <span class='ocr_line' id='line_1_14' title="bbox 0 3645 218 4354; baseline 0 -540"><span class='ocrx_word' id='word_1_14' title='bbox 0 3645 218 4354; x_wconf 95' lang='lat' dir='ltr'>   </span> 
     </span>
    </p>
   </div>
   <div class='ocr_carea' id='block_1_2' title="bbox 908 372 2069 427">
    <p class='ocr_par' dir='ltr' id='par_1_2' title="bbox 908 372 2069 427">
     <span class='ocr_line' id='line_1_15' title="bbox 908 372 2069 427; baseline 0.008 -12"><span class='ocrx_word' id='word_1_15' title='bbox 908 384 1118 417; x_wconf 64' lang='lat' dir='ltr'>annon·</span> <span class='ocrx_word' id='word_1_16' title='bbox 1154 387 1254 419; x_wconf 80' lang='lat' dir='ltr'>xm</span> <span class='ocrx_word' id='word_1_17' title='bbox 1966 372 2069 427; x_wconf 85' lang='lat'>469</span> 
     </span>
    </p>
   </div>
   <div class='ocr_carea' id='block_1_3' title="bbox 32 496 2066 904">
    <p class='ocr_par' dir='ltr' id='par_1_3' title="bbox 32 496 2066 904">
     <span class='ocr_line' id='line_1_16' title="bbox 89 496 2065 572; baseline 0.006 -25"><span class='ocrx_word' id='word_1_18' title='bbox 89 497 170 550; x_wconf 65' lang='grc' dir='ltr'>ν’.</span> <span class='ocrx_word' id='word_1_19' title='bbox 197 497 317 551; x_wconf 83' lang='lat' dir='ltr'>aliis</span> <span class='ocrx_word' id='word_1_20' title='bbox 345 496 709 550; x_wconf 86' lang='lat' dir='ltr'>communiter</span> <span class='ocrx_word' id='word_1_21' title='bbox 734 498 820 548; x_wconf 87' lang='lat' dir='ltr'>vel</span> <span class='ocrx_word' id='word_1_22' title='bbox 846 496 1065 549; x_wconf 77' lang='lat' dir='ltr'>divisim</span> <span class='ocrx_word' id='word_1_23' title='bbox 1091 501 1161 550; x_wconf 84' lang='lat' dir='ltr'>ab</span> <span class='ocrx_word' id='word_1_24' title='bbox 1188 502 1488 572; x_wconf 72' lang='lat' dir='ltr'>apostolica</span> <span class='ocrx_word' id='word_1_25' title='bbox 1519 503 1652 557; x_wconf 85' lang='lat' dir='ltr'>Sede</span> <span class='ocrx_word' id='word_1_26' title='bbox 1679 505 1751 556; x_wconf 88' lang='lat' dir='ltr'>sit</span> <span class='ocrx_word' id='word_1_27' title='bbox 1789 504 2065 559; x_wconf 86' lang='lat' dir='ltr'>indultum</span> 
     </span>
     <span class='ocr_line' id='line_1_17' title="bbox 90 579 2066 657; baseline 0.005 -25"><span class='ocrx_word' id='word_1_28' title='bbox 90 582 245 649; x_wconf 76' lang='lat' dir='ltr'>quod·</span> <span class='ocrx_word' id='word_1_29' title='bbox 279 579 551 644; x_wconf 77' lang='lat' dir='ltr'>interdici,</span> <span class='ocrx_word' id='word_1_30' title='bbox 593 580 871 648; x_wconf 85' lang='lat' dir='ltr'>suspendi,</span> <span class='ocrx_word' id='word_1_31' title='bbox 915 582 1000 631; x_wconf 86' lang='lat' dir='ltr'>vel</span> <span class='ocrx_word' id='word_1_32' title='bbox 1056 584 1515 637; x_wconf 85' lang='lat' dir='ltr'>excommunicari</span> <span class='ocrx_word' id='word_1_33' title='bbox 1567 604 1676 639; x_wconf 92' lang='lat' dir='ltr'>non</span> <span class='ocrx_word' id='word_1_34' title='bbox 1719 589 1930 655; x_wconf 80' lang='lat' dir='ltr'>possint</span> <span class='ocrx_word' id='word_1_35' title='bbox 1971 608 2066 657; x_wconf 87' lang='lat' dir='ltr'>per</span> 
     </span>
     <span class='ocr_line' id='line_1_18' title="bbox 85 662 2064 737; baseline 0.003 -19"><span class='ocrx_word' id='word_1_36' title='bbox 85 662 301 718; x_wconf 84' lang='lat' dir='ltr'>litteras</span> <span class='ocrx_word' id='word_1_37' title='bbox 338 662 668 731; x_wconf 79' lang='lat' dir='ltr'>apostolicas</span> <span class='ocrx_word' id='word_1_38' title='bbox 707 681 817 716; x_wconf 88' lang='lat' dir='ltr'>non</span> <span class='ocrx_word' id='word_1_39' title='bbox 868 662 1129 716; x_wconf 78' lang='lat' dir='ltr'>facientes</span> <span class='ocrx_word' id='word_1_40' title='bbox 1180 666 1398 732; x_wconf 77' lang='lat' dir='ltr'>plenam</span> <span class='ocrx_word' id='word_1_41' title='bbox 1447 678 1504 719; x_wconf 89' lang='lat' dir='ltr'>et</span> <span class='ocrx_word' id='word_1_42' title='bbox 1542 687 1856 737; x_wconf 86' lang='lat' dir='ltr'>expressam</span> <span class='ocrx_word' id='word_1_43' title='bbox 1893 690 1958 723; x_wconf 86' lang='lat' dir='ltr'>ac</span> <span class='ocrx_word' id='word_1_44' title='bbox 1997 674 2064 724; x_wconf 89' lang='lat' dir='ltr'>de</span> 
     </span>
     <span class='ocr_line' id='line_1_19' title="bbox 32 746 2063 807; baseline 0.004 -8"><span class='ocrx_word' id='word_1_45' title='bbox 32 748 33 751; x_wconf 63' lang='grc'>’</span> <span class='ocrx_word' id='word_1_46' title='bbox 85 747 254 800; x_wconf 75' lang='lat' dir='ltr'>v&#39;orbo</span> <span class='ocrx_word' id='word_1_47' title='bbox 281 749 351 799; x_wconf 84' lang='lat' dir='ltr'>ad</span> <span class='ocrx_word' id='word_1_48' title='bbox 377 748 610 799; x_wconf 78' lang='lat' dir='ltr'>verbum</span> <span class='ocrx_word' id='word_1_49' title='bbox 648 748 714 799; x_wconf 88' lang='lat' dir='ltr'>de</span> <span class='ocrx_word' id='word_1_50' title='bbox 754 746 968 799; x_wconf 89' lang='lat' dir='ltr'>indulto</span> <span class='ocrx_word' id='word_1_51' title='bbox 1009 746 1322 801; x_wconf 82' lang='lat' dir='ltr'>huiusmodi</span> <span class='ocrx_word' id='word_1_52' title='bbox 1360 751 1709 804; x_wconf 88' lang='lat' dir='ltr'>mentionem.</span> <span class='ocrx_word' id='word_1_53' title='bbox 1749 785 1819 795; x_wconf 89' lang='lat'>-</span> <span class='ocrx_word' id='word_1_54' title='bbox 1857 755 2063 807; x_wconf 83' lang='lat' dir='ltr'>Datum</span> 
     </span>
     <span class='ocr_line' id='line_1_20' title="bbox 84 827 1992 904; baseline 0.003 -20"><span class='ocrx_word' id='word_1_55' title='bbox 84 827 362 892; x_wconf 49' lang='lat' dir='ltr'>Avinienss</span> <span class='ocrx_word' id='word_1_56' title='bbox 409 849 450 882; x_wconf 84' lang='lat' dir='ltr'>u</span> <span class='ocrx_word' id='word_1_57' title='bbox 485 829 749 883; x_wconf 80' lang='lat' dir='ltr'>kalendas</span> <span class='ocrx_word' id='word_1_58' title='bbox 783 830 986 893; x_wconf 89' lang='lat' dir='ltr'>marcii,</span> <span class='ocrx_word' id='word_1_59' title='bbox 1020 831 1378 898; x_wconf 85' lang='lat' dir='ltr'>pontificatus</span> <span class='ocrx_word' id='word_1_60' title='bbox 1410 836 1584 886; x_wconf 81' lang='lat' dir='ltr'>nostri</span> <span class='ocrx_word' id='word_1_61' title='bbox 1623 854 1766 889; x_wconf 89' lang='lat' dir='ltr'>anno</span> <span class='ocrx_word' id='word_1_62' title='bbox 1798 836 1992 904; x_wconf 87' lang='lat' dir='ltr'>primo.</span> 
     </span>
    </p>
   </div>
   <div class='ocr_carea' id='block_1_4' title="bbox 50 1013 2065 1431">
    <p class='ocr_par' dir='ltr' id='par_1_4' title="bbox 89 1013 2060 1153">
     <span class='ocr_line' id='line_1_21' title="bbox 145 1013 2060 1081; baseline 0.004 -15"><span class='ocrx_word' id='word_1_63' title='bbox 145 1023 187 1068; x_wconf 79' lang='lat'>1.</span> <span class='ocrx_word' id='word_1_64' title='bbox 218 1013 590 1067; x_wconf 65' lang='lat' dir='ltr'>nichol-Etiamne</span> <span class='ocrx_word' id='word_1_65' title='bbox 621 1025 678 1067; x_wconf 87' lang='lat' dir='ltr'>de</span> <span class='ocrx_word' id='word_1_66' title='bbox 709 1023 847 1077; x_wconf 68' lang='lat'><em>1’1210,</em></span> <span class='ocrx_word' id='word_1_67' title='bbox 879 1025 1157 1080; x_wconf 63' lang='lat' dir='ltr'>archonque</span> <span class='ocrx_word' id='word_1_68' title='bbox 1189 1026 1455 1080; x_wconf 78' lang='lat' dir='ltr'>d&#39;Embi-un,</span> <span class='ocrx_word' id='word_1_69' title='bbox 1486 1028 1527 1070; x_wconf 89' lang='lat' dir='ltr'>le</span> <span class='ocrx_word' id='word_1_70' title='bbox 1560 1030 1613 1070; x_wconf 84' lang='lat'>20</span> <span class='ocrx_word' id='word_1_71' title='bbox 1647 1029 1738 1073; x_wconf 85' lang='lat' dir='ltr'>mai</span> <span class='ocrx_word' id='word_1_72' title='bbox 1769 1030 1903 1080; x_wconf 80' lang='lat'><strong>1379;</strong></span> <span class='ocrx_word' id='word_1_73' title='bbox 1938 1038 2060 1081; x_wconf 81' lang='lat' dir='ltr'>mort</span> 
     </span>
     <span class='ocr_line' id='line_1_22' title="bbox 89 1092 1929 1153; baseline 0.002 -16"><span class='ocrx_word' id='word_1_74' title='bbox 89 1092 219 1137; x_wconf 64' lang='lat'>{01⁸¹</span> <span class='ocrx_word' id='word_1_75' title='bbox 236 1092 328 1136; x_wconf 77' lang='lat' dir='ltr'>mai</span> <span class='ocrx_word' id='word_1_76' title='bbox 345 1093 473 1136; x_wconf 73' lang='lat'><strong>1427.</strong></span> <span class='ocrx_word' id='word_1_77' title='bbox 498 1093 611 1137; x_wconf 73' lang='lat' dir='ltr'>Gell-</span> <span class='ocrx_word' id='word_1_78' title='bbox 630 1093 793 1146; x_wconf 66' lang='lat' dir='ltr'>christ„</span> <span class='ocrx_word' id='word_1_79' title='bbox 813 1101 847 1136; x_wconf 87' lang='lat' dir='ltr'>t.</span> <span class='ocrx_word' id='word_1_80' title='bbox 858 1108 939 1149; x_wconf 84' lang='lat' dir='ltr'>·rn</span> <span class='ocrx_word' id='word_1_81' title='bbox 960 1094 1043 1137; x_wconf 85' lang='lat' dir='ltr'>col.</span> <span class='ocrx_word' id='word_1_82' title='bbox 1063 1095 1196 1145; x_wconf 74' lang='lat'><strong>10893</strong></span> <span class='ocrx_word' id='word_1_83' title='bbox 1219 1095 1376 1149; x_wconf 72' lang='lat' dir='ltr'>Euboi,</span> <span class='ocrx_word' id='word_1_84' title='bbox 1394 1096 1534 1149; x_wconf 71' lang='lat' dir='ltr'>Hier„</span> <span class='ocrx_word' id='word_1_85' title='bbox 1555 1105 1589 1139; x_wconf 89' lang='lat' dir='ltr'>t.</span> <span class='ocrx_word' id='word_1_86' title='bbox 1611 1112 1643 1150; x_wconf 83' lang='lat'>1,</span> <span class='ocrx_word' id='word_1_87' title='bbox 1662 1113 1706 1153; x_wconf 85' lang='lat' dir='ltr'>p.</span> <span class='ocrx_word' id='word_1_88' title='bbox 1728 1100 1825 1141; x_wconf 80' lang='lat'><strong>243.</strong></span> <span class='ocrx_word' id='word_1_89' title='bbox 1925 1108 1929 1111; x_wconf 86' lang='grc'><strong>’</strong></span> 
     </span>
    </p>

    <p class='ocr_par' dir='ltr' id='par_1_5' title="bbox 144 1161 1428 1219">
     <span class='ocr_line' id='line_1_23' title="bbox 144 1161 1428 1219; baseline 0 -12"><span class='ocrx_word' id='word_1_90' title='bbox 144 1162 188 1207; x_wconf 77' lang='lat'>2.</span> <span class='ocrx_word' id='word_1_91' title='bbox 215 1161 326 1207; x_wconf 69' lang='lat' dir='ltr'>voit</span> <span class='ocrx_word' id='word_1_92' title='bbox 343 1177 389 1206; x_wconf 83' lang='lat' dir='ltr'>n.</span> <span class='ocrx_word' id='word_1_93' title='bbox 409 1164 511 1216; x_wconf 77' lang='lat'>325,</span> <span class='ocrx_word' id='word_1_94' title='bbox 531 1177 590 1206; x_wconf 90' lang='lat' dir='ltr'>ou</span> <span class='ocrx_word' id='word_1_95' title='bbox 609 1170 683 1206; x_wconf 84' lang='lat' dir='ltr'>cet</span> <span class='ocrx_word' id='word_1_96' title='bbox 701 1162 969 1218; x_wconf 70' lang='lat' dir='ltr'>inqui-item·</span> <span class='ocrx_word' id='word_1_97' title='bbox 987 1179 1007 1206; x_wconf 86' lang='lat' dir='ltr'>s</span> <span class='ocrx_word' id='word_1_98' title='bbox 1013 1164 1201 1219; x_wconf 80' lang='lat' dir='ltr'>’appelle</span> <span class='ocrx_word' id='word_1_99' title='bbox 1220 1165 1428 1207; x_wconf 73' lang='grc' dir='ltr'><strong><em>Αυιαυάἰ.</em></strong></span> 
     </span>
    </p>

    <p class='ocr_par' dir='ltr' id='par_1_6' title="bbox 50 1232 2065 1431">
     <span class='ocr_line' id='line_1_24' title="bbox 146 1232 2065 1292; baseline 0.002 -16"><span class='ocrx_word' id='word_1_100' title='bbox 146 1233 189 1276; x_wconf 78' lang='grc'>3.</span> <span class='ocrx_word' id='word_1_101' title='bbox 220 1232 283 1276; x_wconf 82' lang='lat' dir='ltr'>Le</span> <span class='ocrx_word' id='word_1_102' title='bbox 305 1232 623 1284; x_wconf 66' lang='lat' dir='ltr'>Brianconnais</span> <span class='ocrx_word' id='word_1_103' title='bbox 646 1232 925 1287; x_wconf 84' lang='lat' dir='ltr'>comprenait</span> <span class='ocrx_word' id='word_1_104' title='bbox 947 1234 1008 1275; x_wconf 89' lang='lat' dir='ltr'>les</span> <span class='ocrx_word' id='word_1_105' title='bbox 1032 1241 1219 1277; x_wconf 87' lang='lat' dir='ltr'>cantons</span> <span class='ocrx_word' id='word_1_106' title='bbox 1242 1235 1410 1277; x_wconf 79' lang='lat' dir='ltr'>actuels</span> <span class='ocrx_word' id='word_1_107' title='bbox 1434 1237 1490 1278; x_wconf 76' lang='lat' dir='ltr'>de</span> <span class='ocrx_word' id='word_1_108' title='bbox 1506 1236 1739 1290; x_wconf 55' lang='lat' dir='ltr'>Brinno-on,</span> <span class='ocrx_word' id='word_1_109' title='bbox 1754 1239 1816 1281; x_wconf 89' lang='lat' dir='ltr'>du</span> <span class='ocrx_word' id='word_1_110' title='bbox 1832 1238 2065 1292; x_wconf 63' lang='lat' dir='ltr'>Monetier,</span> 
     </span>
     <span class='ocr_line' id='line_1_25' title="bbox 84 1300 2059 1362; baseline 0.005 -19"><span class='ocrx_word' id='word_1_111' title='bbox 84 1302 117 1347; x_wconf 73' lang='lat' dir='ltr'>d</span> <span class='ocrx_word' id='word_1_112' title='bbox 121 1300 345 1358; x_wconf 71' lang='lat' dir='ltr'>’Aiguillcs</span> <span class='ocrx_word' id='word_1_113' title='bbox 362 1309 410 1344; x_wconf 85' lang='lat' dir='ltr'>et</span> <span class='ocrx_word' id='word_1_114' title='bbox 426 1303 481 1345; x_wconf 89' lang='lat' dir='ltr'>de</span> <span class='ocrx_word' id='word_1_115' title='bbox 499 1302 529 1344; x_wconf 83' lang='lat'>1·</span> <span class='ocrx_word' id='word_1_116' title='bbox 531 1301 805 1357; x_wconf 56' lang='lat' dir='ltr'>mentitus,</span> <span class='ocrx_word' id='word_1_117' title='bbox 823 1309 885 1355; x_wconf 89' lang='lat' dir='ltr'>et,</span> <span class='ocrx_word' id='word_1_118' title='bbox 903 1317 959 1345; x_wconf 85' lang='lat' dir='ltr'>en</span> <span class='ocrx_word' id='word_1_119' title='bbox 978 1310 1121 1356; x_wconf 87' lang='lat' dir='ltr'>outre,</span> <span class='ocrx_word' id='word_1_120' title='bbox 1140 1304 1352 1358; x_wconf 75' lang='lat' dir='ltr'>quelques</span> <span class='ocrx_word' id='word_1_121' title='bbox 1373 1304 1533 1347; x_wconf 72' lang='lat' dir='ltr'>vallees</span> <span class='ocrx_word' id='word_1_122' title='bbox 1551 1307 1628 1347; x_wconf 86' lang='lat' dir='ltr'>des</span> <span class='ocrx_word' id='word_1_123' title='bbox 1659 1306 1793 1362; x_wconf 81' lang='lat' dir='ltr'>Alpes</span> <span class='ocrx_word' id='word_1_124' title='bbox 1811 1307 2059 1353; x_wconf 80' lang='lat' dir='ltr'>italiennes·</span> 
     </span>
     <span class='ocr_line' id='line_1_26' title="bbox 50 1369 1627 1431; baseline 0.003 -17"><span class='ocrx_word' id='word_1_125' title='bbox 50 1422 55 1423; x_wconf 17' lang='lat'><em>⁷</em></span> <span class='ocrx_word' id='word_1_126' title='bbox 82 1369 280 1426; x_wconf 77' lang='lat' dir='ltr'>Roman,</span> <span class='ocrx_word' id='word_1_127' title='bbox 298 1370 598 1414; x_wconf 71' lang='lat' dir='ltr'>Didionnat‘re</span> <span class='ocrx_word' id='word_1_128' title='bbox 617 1377 756 1428; x_wconf 77' lang='lat' dir='ltr'>topog.</span> <span class='ocrx_word' id='word_1_129' title='bbox 779 1371 839 1414; x_wconf 80' lang='lat' dir='ltr'>du</span> <span class='ocrx_word' id='word_1_130' title='bbox 859 1372 1021 1428; x_wconf 64' lang='lat' dir='ltr'>dbpart.</span> <span class='ocrx_word' id='word_1_131' title='bbox 1044 1372 1118 1415; x_wconf 76' lang='lat' dir='ltr'>des</span> <span class='ocrx_word' id='word_1_132' title='bbox 1138 1372 1321 1416; x_wconf 73' lang='lat' dir='ltr'>Hautes·</span> <span class='ocrx_word' id='word_1_133' title='bbox 1304 1374 1471 1430; x_wconf 73' lang='lat' dir='ltr'>·,A1pe⁸</span> <span class='ocrx_word' id='word_1_134' title='bbox 1493 1388 1535 1431; x_wconf 87' lang='lat' dir='ltr'>p.</span> <span class='ocrx_word' id='word_1_135' title='bbox 1559 1375 1627 1418; x_wconf 84' lang='lat'>21.</span> 
     </span>
    </p>
   </div>
   <div class='ocr_carea' id='block_1_5' title="bbox 894 1786 1236 1847">
    <p class='ocr_par' dir='ltr' id='par_1_7' title="bbox 894 1786 1236 1847">
     <span class='ocr_line' id='line_1_27' title="bbox 894 1786 1236 1847; baseline 0 -16"><span class='ocrx_word' id='word_1_136' title='bbox 894 1786 1236 1847; x_wconf 64' lang='lat'>..329-</span> 
     </span>
    </p>
   </div>
   <div class='ocr_carea' id='block_1_6' title="bbox 66 1946 2068 2268">
    <p class='ocr_par' dir='ltr' id='par_1_8' title="bbox 66 1946 2068 2268">
     <span class='ocr_line' id='line_1_28' title="bbox 111 1946 2068 2016; baseline 0.001 -15"><span class='ocrx_word' id='word_1_137' title='bbox 111 1946 115 1950; x_wconf 58' lang='grc'>’</span> <span class='ocrx_word' id='word_1_138' title='bbox 155 1948 343 2001; x_wconf 72' lang='grc' dir='ltr'>Βεηοίι</span> <span class='ocrx_word' id='word_1_139' title='bbox 377 1948 536 2000; x_wconf 88' lang='lat' dir='ltr'><em>XIII</em></span> <span class='ocrx_word' id='word_1_140' title='bbox 572 1949 801 2000; x_wconf 86' lang='lat' dir='ltr'>ordonne</span> <span class='ocrx_word' id='word_1_141' title='bbox 835 1953 868 2000; x_wconf 86' lang='grc' dir='ltr'>ὰ</span> <span class='ocrx_word' id='word_1_142' title='bbox 902 1949 1259 2016; x_wconf 81' lang='lat' dir='ltr'>l&#39;inquisiteur</span> <span class='ocrx_word' id='word_1_143' title='bbox 1293 1962 1337 1999; x_wconf 88' lang='lat' dir='ltr'>et</span> <span class='ocrx_word' id='word_1_144' title='bbox 1372 1954 1403 2000; x_wconf 86' lang='grc' dir='ltr'><em>ἁ</em></span> <span class='ocrx_word' id='word_1_145' title='bbox 1439 1950 1666 2016; x_wconf 82' lang='lat' dir='ltr'>l’official</span> <span class='ocrx_word' id='word_1_146' title='bbox 1699 1953 1760 2002; x_wconf 80' lang='lat' dir='ltr'>de</span> <span class='ocrx_word' id='word_1_147' title='bbox 1795 1954 2068 2014; x_wconf 70' lang='lat' dir='ltr'>Besancon</span> 
     </span>
     <span class='ocr_line' id='line_1_29' title="bbox 83 2031 2066 2101; baseline 0 -15"><span class='ocrx_word' id='word_1_148' title='bbox 83 2031 145 2086; x_wconf 73' lang='lat' dir='ltr'>dc</span> <span class='ocrx_word' id='word_1_149' title='bbox 181 2033 319 2100; x_wconf 72' lang='lat' dir='ltr'>{aire</span> <span class='ocrx_word' id='word_1_150' title='bbox 362 2051 463 2084; x_wconf 82' lang='lat' dir='ltr'>une</span> <span class='ocrx_word' id='word_1_151' title='bbox 502 2037 712 2100; x_wconf 68' lang='lat' dir='ltr'>enquete</span> <span class='ocrx_word' id='word_1_152' title='bbox 753 2045 924 2085; x_wconf 80' lang='lat' dir='ltr'>contre</span> <span class='ocrx_word' id='word_1_153' title='bbox 965 2034 1189 2084; x_wconf 79' lang='lat' dir='ltr'>certains</span> <span class='ocrx_word' id='word_1_154' title='bbox 1231 2034 1495 2084; x_wconf 63' lang='lat' dir='ltr'>habitant-5</span> <span class='ocrx_word' id='word_1_155' title='bbox 1538 2034 1596 2084; x_wconf 85' lang='lat' dir='ltr'>de</span> <span class='ocrx_word' id='word_1_156' title='bbox 1639 2036 1691 2084; x_wconf 88' lang='lat' dir='ltr'>la</span> <span class='ocrx_word' id='word_1_157' title='bbox 1731 2035 1965 2101; x_wconf 84' lang='lat' dir='ltr'>paroisse</span> <span class='ocrx_word' id='word_1_158' title='bbox 2006 2037 2066 2086; x_wconf 88' lang='lat' dir='ltr'>de</span> 
     </span>
     <span class='ocr_line' id='line_1_30' title="bbox 66 2117 2063 2184; baseline -0.001 -13"><span class='ocrx_word' id='word_1_159' title='bbox 66 2170 70 2171; x_wconf 18' lang='lat'><em>⁷</em></span> <span class='ocrx_word' id='word_1_160' title='bbox 101 2150 125 2160; x_wconf 86' lang='lat'>··</span> <span class='ocrx_word' id='word_1_161' title='bbox 148 2126 344 2180; x_wconf 83' lang='lat' dir='ltr'>orteau,</span> <span class='ocrx_word' id='word_1_162' title='bbox 378 2117 513 2168; x_wconf 78' lang='lat' dir='ltr'>dam</span> <span class='ocrx_word' id='word_1_163' title='bbox 544 2118 589 2168; x_wconf 82' lang='lat' dir='ltr'>le</span> <span class='ocrx_word' id='word_1_164' title='bbox 620 2117 818 2169; x_wconf 73' lang='lat' dir='ltr'>diocese</span> <span class='ocrx_word' id='word_1_165' title='bbox 849 2119 909 2169; x_wconf 87' lang='lat' dir='ltr'>de</span> <span class='ocrx_word' id='word_1_166' title='bbox 943 2119 1230 2180; x_wconf 68' lang='lat' dir='ltr'>Besaneon,</span> <span class='ocrx_word' id='word_1_167' title='bbox 1278 2117 1367 2183; x_wconf 82' lang='lat' dir='ltr'>qui</span> <span class='ocrx_word' id='word_1_168' title='bbox 1413 2128 1598 2167; x_wconf 80' lang='lat' dir='ltr'>restent</span> <span class='ocrx_word' id='word_1_169' title='bbox 1642 2119 1871 2183; x_wconf 87' lang='lat' dir='ltr'>pendant</span> <span class='ocrx_word' id='word_1_170' title='bbox 1920 2120 2063 2184; x_wconf 88' lang='lat' dir='ltr'>long·</span> 
     </span>
     <span class='ocr_line' id='line_1_31' title="bbox 80 2199 2062 2268; baseline -0.001 -15"><span class='ocrx_word' id='word_1_171' title='bbox 80 2208 266 2268; x_wconf 72' lang='lat' dir='ltr'>temps,</span> <span class='ocrx_word' id='word_1_172' title='bbox 302 2218 429 2251; x_wconf 81' lang='lat' dir='ltr'>sans</span> <span class='ocrx_word' id='word_1_173' title='bbox 463 2199 774 2264; x_wconf 78' lang='lat' dir='ltr'>s’amender,</span> <span class='ocrx_word' id='word_1_174' title='bbox 789 2220 911 2252; x_wconf 81' lang='lat' dir='ltr'>sous</span> <span class='ocrx_word' id='word_1_175' title='bbox 929 2202 972 2251; x_wconf 91' lang='lat' dir='ltr'>le</span> <span class='ocrx_word' id='word_1_176' title='bbox 989 2220 1122 2267; x_wconf 83' lang='lat' dir='ltr'>coup</span> <span class='ocrx_word' id='word_1_177' title='bbox 1138 2202 1224 2251; x_wconf 82' lang='lat' dir='ltr'>des</span> <span class='ocrx_word' id='word_1_178' title='bbox 1241 2219 1357 2251; x_wconf 76' lang='lat' dir='ltr'>cens</span> <span class='ocrx_word' id='word_1_179' title='bbox 1366 2219 1478 2250; x_wconf 79' lang='lat' dir='ltr'>ures</span> <span class='ocrx_word' id='word_1_180' title='bbox 1496 2219 1563 2250; x_wconf 81' lang='lat' dir='ltr'>ou</span> <span class='ocrx_word' id='word_1_181' title='bbox 1578 2219 1629 2250; x_wconf 80' lang='lat' dir='ltr'>se</span> <span class='ocrx_word' id='word_1_182' title='bbox 1647 2202 1856 2251; x_wconf 74' lang='lat' dir='ltr'>tendent</span> <span class='ocrx_word' id='word_1_183' title='bbox 1874 2220 2062 2268; x_wconf 77' lang='lat' dir='ltr'>coupa-</span> 
     </span>
    </p>
   </div>
   <div class='ocr_carea' id='block_1_7' title="bbox 78 2280 2056 2433">
    <p class='ocr_par' dir='ltr' id='par_1_9' title="bbox 78 2280 2056 2433">
     <span class='ocr_line' id='line_1_32' title="bbox 78 2280 2056 2351; baseline 0.001 -15"><span class='ocrx_word' id='word_1_184' title='bbox 78 2280 186 2336; x_wconf 68' lang='lat' dir='ltr'>Nos</span> <span class='ocrx_word' id='word_1_185' title='bbox 217 2282 306 2333; x_wconf 74' lang='lat' dir='ltr'>des</span> <span class='ocrx_word' id='word_1_186' title='bbox 341 2282 527 2334; x_wconf 78' lang='lat' dir='ltr'>crimes</span> <span class='ocrx_word' id='word_1_187' title='bbox 559 2284 620 2335; x_wconf 82' lang='lat' dir='ltr'>de</span> <span class='ocrx_word' id='word_1_188' title='bbox 652 2285 1027 2351; x_wconf 81' lang='lat' dir='ltr'>concubinage,</span> <span class='ocrx_word' id='word_1_189' title='bbox 1063 2284 1363 2348; x_wconf 75' lang='lat' dir='ltr'>d’adulte&#39;re,</span> <span class='ocrx_word' id='word_1_190' title='bbox 1410 2283 1654 2335; x_wconf 77' lang='lat' dir='ltr'>d’inceste</span> <span class='ocrx_word' id='word_1_191' title='bbox 1686 2294 1731 2335; x_wconf 86' lang='lat' dir='ltr'>et</span> <span class='ocrx_word' id='word_1_192' title='bbox 1775 2285 1834 2335; x_wconf 85' lang='lat' dir='ltr'>de</span> <span class='ocrx_word' id='word_1_193' title='bbox 1863 2295 2056 2351; x_wconf 81' lang='lat' dir='ltr'>stupre.</span> 
     </span>
     <span class='ocr_line' id='line_1_33' title="bbox 179 2364 887 2433; baseline 0 -14"><span class='ocrx_word' id='word_1_194' title='bbox 179 2364 448 2432; x_wconf 81' lang='lat' dir='ltr'>Avignon‚</span> <span class='ocrx_word' id='word_1_195' title='bbox 484 2368 550 2419; x_wconf 89' lang='grc'>26</span> <span class='ocrx_word' id='word_1_196' title='bbox 582 2366 700 2433; x_wconf 83' lang='lat' dir='ltr'>juin</span> <span class='ocrx_word' id='word_1_197' title='bbox 737 2367 887 2419; x_wconf 87' lang='grc'><strong>1398.</strong></span> 
     </span>
    </p>
   </div>
   <div class='ocr_carea' id='block_1_8' title="bbox 419 2502 1174 2556">
    <p class='ocr_par' dir='ltr' id='par_1_10' title="bbox 419 2502 1174 2556">
     <span class='ocr_line' id='line_1_34' title="bbox 419 2502 1174 2556; baseline 0.004 -12"><span class='ocrx_word' id='word_1_198' title='bbox 419 2502 524 2556; x_wconf 76' lang='lat' dir='ltr'>Reg.</span> <span class='ocrx_word' id='word_1_199' title='bbox 552 2503 705 2555; x_wconf 66' lang='lat' dir='ltr'>Auen„</span> <span class='ocrx_word' id='word_1_200' title='bbox 733 2510 767 2545; x_wconf 89' lang='lat' dir='ltr'>t.</span> <span class='ocrx_word' id='word_1_201' title='bbox 797 2516 945 2555; x_wconf 80' lang='lat' dir='ltr'>ccciv,</span> <span class='ocrx_word' id='word_1_202' title='bbox 973 2503 1048 2546; x_wconf 73' lang='lat' dir='ltr'>iol.</span> <span class='ocrx_word' id='word_1_203' title='bbox 1077 2505 1174 2547; x_wconf 88' lang='lat'><strong>573.</strong></span> 
     </span>
    </p>
   </div>
   <div class='ocr_carea' id='block_1_9' title="bbox 19 2621 2122 3779">
    <p class='ocr_par' dir='ltr' id='par_1_11' title="bbox 16 2621 2122 3779">
     <span class='ocr_line' id='line_1_35' title="bbox 101 2621 2063 2693; baseline -0.001 -16.021"><span class='ocrx_word' id='word_1_204' title='bbox 101 2665 115 2682; x_wconf 72' lang='lat'>-‚</span> <span class='ocrx_word' id='word_1_205' title='bbox 160 2623 384 2679; x_wconf 82' lang='lat' dir='ltr'>Dilectis</span> <span class='ocrx_word' id='word_1_206' title='bbox 430 2623 552 2677; x_wconf 82' lang='lat' dir='ltr'>filiis</span> <span class='ocrx_word' id='word_1_207' title='bbox 594 2621 906 2690; x_wconf 86' lang='lat' dir='ltr'>inquisitori</span> <span class='ocrx_word' id='word_1_208' title='bbox 948 2622 1180 2676; x_wconf 85' lang='lat' dir='ltr'>heretice</span> <span class='ocrx_word' id='word_1_209' title='bbox 1227 2625 1515 2693; x_wconf 78' lang='lat' dir='ltr'>pravitatis</span> <span class='ocrx_word' id='word_1_210' title='bbox 1561 2626 1613 2677; x_wconf 90' lang='lat' dir='ltr'>in</span> <span class='ocrx_word' id='word_1_211' title='bbox 1658 2626 1933 2692; x_wconf 87' lang='lat' dir='ltr'>provincia</span> <span class='ocrx_word' id='word_1_212' title='bbox 1979 2625 2063 2681; x_wconf 84' lang='lat' dir='ltr'>Bi-</span> 
     </span>
     <span class='ocr_line' id='line_1_36' title="bbox 82 2698 2061 2776; baseline -0.001 -13"><span class='ocrx_word' id='word_1_213' title='bbox 82 2698 286 2768; x_wconf 46' lang='lat' dir='ltr'>*atim</span> <span class='ocrx_word' id='word_1_214' title='bbox 332 2708 602 2776; x_wconf 84' lang='lat' dir='ltr'>deputato</span> <span class='ocrx_word' id='word_1_215' title='bbox 648 2726 711 2758; x_wconf 91' lang='lat' dir='ltr'>ac</span> <span class='ocrx_word' id='word_1_216' title='bbox 758 2705 973 2758; x_wconf 84' lang='lat' dir='ltr'>officiali</span> <span class='ocrx_word' id='word_1_217' title='bbox 1018 2706 1308 2770; x_wconf 88' lang='lat' dir='ltr'>Bisuntin.‚</span> <span class='ocrx_word' id='word_1_218' title='bbox 1369 2710 1621 2771; x_wconf 88' lang='lat' dir='ltr'>salutem,</span> <span class='ocrx_word' id='word_1_219' title='bbox 1692 2720 1793 2761; x_wconf 87' lang='lat' dir='ltr'>etc.</span> <span class='ocrx_word' id='word_1_220' title='bbox 1856 2738 1922 2746; x_wconf 87' lang='lat'><em>-</em></span> <span class='ocrx_word' id='word_1_221' title='bbox 1979 2710 2061 2761; x_wconf 87' lang='lat' dir='ltr'>Ad</span> 
     </span>
     <span class='ocr_line' id='line_1_37' title="bbox 131 2796 2063 2865; baseline -0.002 -14"><span class='ocrx_word' id='word_1_222' title='bbox 131 2796 419 2853; x_wconf 84' lang='lat' dir='ltr'>··i&#39;entiam</span> <span class='ocrx_word' id='word_1_223' title='bbox 447 2807 695 2851; x_wconf 88' lang='lat' dir='ltr'>nostram</span> <span class='ocrx_word' id='word_1_224' title='bbox 725 2796 975 2865; x_wconf 84' lang='lat' dir='ltr'>pervenit</span> <span class='ocrx_word' id='word_1_225' title='bbox 1007 2799 1152 2864; x_wconf 88' lang='lat' dir='ltr'>quod</span> <span class='ocrx_word' id='word_1_226' title='bbox 1182 2797 1237 2848; x_wconf 91' lang='lat' dir='ltr'>in</span> <span class='ocrx_word' id='word_1_227' title='bbox 1269 2798 1550 2865; x_wconf 83' lang='lat' dir='ltr'>parrochia</span> <span class='ocrx_word' id='word_1_228' title='bbox 1580 2797 1797 2852; x_wconf 84' lang='lat' dir='ltr'>ecclesie</span> <span class='ocrx_word' id='word_1_229' title='bbox 1827 2800 1893 2852; x_wconf 92' lang='lat' dir='ltr'>de</span> <span class='ocrx_word' id='word_1_230' title='bbox 1927 2798 2063 2849; x_wconf 89' lang='lat' dir='ltr'>Mor-</span> 
     </span>
     <span class='ocr_line' id='line_1_38' title="bbox 179 2879 2122 2950; baseline -0.001 -16.148"><span class='ocrx_word' id='word_1_231' title='bbox 179 2898 321 2950; x_wconf 74' lang='lat' dir='ltr'>aqua</span> <span class='ocrx_word' id='word_1_232' title='bbox 358 2880 396 2943; x_wconf 86' lang='lat'>¹,</span> <span class='ocrx_word' id='word_1_233' title='bbox 456 2879 726 2933; x_wconf 85' lang='lat' dir='ltr'>Bisuntin.</span> <span class='ocrx_word' id='word_1_234' title='bbox 775 2880 1020 2941; x_wconf 87' lang='lat' dir='ltr'>diocesis,</span> <span class='ocrx_word' id='word_1_235' title='bbox 1082 2891 1211 2931; x_wconf 90' lang='lat' dir='ltr'>sunt</span> <span class='ocrx_word' id='word_1_236' title='bbox 1271 2881 1514 2933; x_wconf 87' lang='lat' dir='ltr'>nonnulli</span> <span class='ocrx_word' id='word_1_237' title='bbox 1588 2880 1708 2934; x_wconf 90' lang='lat' dir='ltr'>laici</span> <span class='ocrx_word' id='word_1_238' title='bbox 1780 2880 2061 2947; x_wconf 87' lang='lat' dir='ltr'>utriusque</span> <span class='ocrx_word' id='word_1_239' title='bbox 2119 2880 2122 2884; x_wconf 73' lang='grc'><strong>’</strong></span> 
     </span>
     <span class='ocr_line' id='line_1_39' title="bbox 84 2962 2062 3031; baseline -0.003 -14"><span class='ocrx_word' id='word_1_240' title='bbox 84 2966 241 3017; x_wconf 63' lang='lat' dir='ltr'>Txus</span> <span class='ocrx_word' id='word_1_241' title='bbox 287 2963 380 3031; x_wconf 82' lang='lat' dir='ltr'>qui</span> <span class='ocrx_word' id='word_1_242' title='bbox 425 2962 1006 3016; x_wconf 85' lang='lat' dir='ltr'>excommunicationis</span> <span class='ocrx_word' id='word_1_243' title='bbox 1054 2975 1110 3014; x_wconf 86' lang='lat' dir='ltr'>et</span> <span class='ocrx_word' id='word_1_244' title='bbox 1168 2963 1445 3014; x_wconf 85' lang='lat' dir='ltr'>interdicti</span> <span class='ocrx_word' id='word_1_245' title='bbox 1503 2962 1801 3016; x_wconf 86' lang='lat' dir='ltr'>sententias</span> <span class='ocrx_word' id='word_1_246' title='bbox 1861 2963 1915 3015; x_wconf 90' lang='lat' dir='ltr'>in</span> <span class='ocrx_word' id='word_1_247' title='bbox 1973 2981 2062 3013; x_wconf 89' lang='lat' dir='ltr'>eos</span> 
     </span>
     <span class='ocr_line' id='line_1_40' title="bbox 110 3045 2060 3115; baseline -0.001 -17"><span class='ocrx_word' id='word_1_248' title='bbox 110 3052 113 3057; x_wconf 86' lang='lat'>&#39;</span> <span class='ocrx_word' id='word_1_249' title='bbox 144 3063 198 3098; x_wconf 87' lang='lat' dir='ltr'>m</span> <span class='ocrx_word' id='word_1_250' title='bbox 225 3063 255 3097; x_wconf 84' lang='lat' dir='ltr'>a</span> <span class='ocrx_word' id='word_1_251' title='bbox 284 3046 397 3099; x_wconf 87' lang='lat' dir='ltr'>iure</span> <span class='ocrx_word' id='word_1_252' title='bbox 429 3065 594 3113; x_wconf 88' lang='lat' dir='ltr'>quam</span> <span class='ocrx_word' id='word_1_253' title='bbox 623 3048 694 3098; x_wconf 91' lang='lat' dir='ltr'>ab</span> <span class='ocrx_word' id='word_1_254' title='bbox 724 3045 940 3099; x_wconf 89' lang='lat' dir='ltr'>homine</span> <span class='ocrx_word' id='word_1_255' title='bbox 970 3046 1071 3097; x_wconf 90' lang='lat' dir='ltr'>rite</span> <span class='ocrx_word' id='word_1_256' title='bbox 1103 3046 1360 3098; x_wconf 87' lang='lat' dir='ltr'>canonice</span> <span class='ocrx_word' id='word_1_257' title='bbox 1400 3047 1539 3097; x_wconf 86' lang='lat' dir='ltr'>latas</span> <span class='ocrx_word' id='word_1_258' title='bbox 1571 3046 1635 3115; x_wconf 25' lang='lat' dir='ltr'>»in</span> <span class='ocrx_word' id='word_1_259' title='bbox 1682 3056 2060 3113; x_wconf 86' lang='lat' dir='ltr'>contemptum</span> 
     </span>
     <span class='ocr_line' id='line_1_41' title="bbox 87 3124 2061 3201; baseline -0.001 -20"><span class='ocrx_word' id='word_1_260' title='bbox 87 3124 93 3133; x_wconf 64' lang='lat'><strong>¹</strong></span> <span class='ocrx_word' id='word_1_261' title='bbox 165 3127 335 3191; x_wconf 79' lang='lat' dir='ltr'>vium,</span> <span class='ocrx_word' id='word_1_262' title='bbox 375 3128 546 3181; x_wconf 88' lang='lat' dir='ltr'>etiam</span> <span class='ocrx_word' id='word_1_263' title='bbox 587 3147 684 3201; x_wconf 87' lang='lat' dir='ltr'>per</span> <span class='ocrx_word' id='word_1_264' title='bbox 725 3149 920 3197; x_wconf 85' lang='lat' dir='ltr'>magna</span> <span class='ocrx_word' id='word_1_265' title='bbox 964 3140 1211 3197; x_wconf 89' lang='lat' dir='ltr'>tempora</span> <span class='ocrx_word' id='word_1_266' title='bbox 1255 3128 1653 3195; x_wconf 81' lang='lat' dir='ltr'>sustinuerunt,</span> <span class='ocrx_word' id='word_1_267' title='bbox 1698 3139 1861 3196; x_wconf 91' lang='lat' dir='ltr'>prout</span> <span class='ocrx_word' id='word_1_268' title='bbox 1901 3129 2061 3180; x_wconf 88' lang='lat' dir='ltr'>susti-</span> 
     </span>
     <span class='ocr_line' id='line_1_42' title="bbox 91 3209 2060 3283; baseline 0 -20"><span class='ocrx_word' id='word_1_269' title='bbox 91 3209 138 3283; x_wconf 36' lang='lat' dir='ltr'>J-</span> <span class='ocrx_word' id='word_1_270' title='bbox 165 3220 212 3263; x_wconf 86' lang='lat' dir='ltr'>t</span> <span class='ocrx_word' id='word_1_271' title='bbox 249 3210 443 3264; x_wconf 86' lang='lat' dir='ltr'>animis</span> <span class='ocrx_word' id='word_1_272' title='bbox 482 3210 769 3275; x_wconf 84' lang='lat' dir='ltr'>induratis,</span> <span class='ocrx_word' id='word_1_273' title='bbox 810 3214 879 3264; x_wconf 92' lang='lat' dir='ltr'>ad</span> <span class='ocrx_word' id='word_1_274' title='bbox 920 3212 1183 3279; x_wconf 84' lang='lat' dir='ltr'>gremium</span> <span class='ocrx_word' id='word_1_275' title='bbox 1221 3211 1392 3263; x_wconf 87' lang='lat' dir='ltr'>redire</span> <span class='ocrx_word' id='word_1_276' title='bbox 1432 3223 1618 3264; x_wconf 87' lang='lat' dir='ltr'>sancte</span> <span class='ocrx_word' id='word_1_277' title='bbox 1660 3211 1846 3263; x_wconf 88' lang='lat' dir='ltr'>matris</span> <span class='ocrx_word' id='word_1_278' title='bbox 1881 3212 2060 3263; x_wconf 90' lang='lat' dir='ltr'>Eccle-</span> 
     </span>
     <span class='ocr_line' id='line_1_43' title="bbox 19 3293 2056 3363; baseline -0.001 -15"><span class='ocrx_word' id='word_1_279' title='bbox 19 3346 23 3355; x_wconf 87' lang='grc'><em>,</em></span> <span class='ocrx_word' id='word_1_280' title='bbox 183 3311 293 3348; x_wconf 87' lang='lat' dir='ltr'>non</span> <span class='ocrx_word' id='word_1_281' title='bbox 325 3306 578 3348; x_wconf 86' lang='lat' dir='ltr'>curantes</span> <span class='ocrx_word' id='word_1_282' title='bbox 602 3295 649 3358; x_wconf 82' lang='lat'>²3</span> <span class='ocrx_word' id='word_1_283' title='bbox 681 3305 737 3347; x_wconf 89' lang='lat' dir='ltr'>et</span> <span class='ocrx_word' id='word_1_284' title='bbox 769 3297 914 3363; x_wconf 89' lang='lat' dir='ltr'>quod</span> <span class='ocrx_word' id='word_1_285' title='bbox 949 3295 1172 3363; x_wconf 88' lang='lat' dir='ltr'>quidam</span> <span class='ocrx_word' id='word_1_286' title='bbox 1217 3313 1285 3345; x_wconf 89' lang='lat' dir='ltr'>ex</span> <span class='ocrx_word' id='word_1_287' title='bbox 1317 3294 1445 3360; x_wconf 89' lang='lat' dir='ltr'>ipsis</span> <span class='ocrx_word' id='word_1_288' title='bbox 1492 3306 1548 3345; x_wconf 89' lang='lat' dir='ltr'>et</span> <span class='ocrx_word' id='word_1_289' title='bbox 1578 3294 1670 3345; x_wconf 88' lang='lat' dir='ltr'>alii</span> <span class='ocrx_word' id='word_1_290' title='bbox 1710 3293 1878 3346; x_wconf 89' lang='lat' dir='ltr'>etiam</span> <span class='ocrx_word' id='word_1_291' title='bbox 1924 3314 2056 3346; x_wconf 86' lang='lat' dir='ltr'>uxo·</span> 
     </span>
     <span class='ocr_line' id='line_1_44' title="bbox 134 3375 2056 3447; baseline -0.003 -15"><span class='ocrx_word' id='word_1_292' title='bbox 134 3375 187 3389; x_wconf 80' lang='grc'><strong><em>’</em></strong></span> <span class='ocrx_word' id='word_1_293' title='bbox 234 3378 516 3446; x_wconf 76' lang='lat' dir='ltr'>parrochie</span> <span class='ocrx_word' id='word_1_294' title='bbox 564 3378 807 3447; x_wconf 81' lang='lat' dir='ltr'>predicte</span> <span class='ocrx_word' id='word_1_295' title='bbox 857 3392 1039 3431; x_wconf 89' lang='lat' dir='ltr'>tenere</span> <span class='ocrx_word' id='word_1_296' title='bbox 1090 3379 1301 3447; x_wconf 89' lang='lat' dir='ltr'>publice</span> <span class='ocrx_word' id='word_1_297' title='bbox 1334 3376 1681 3439; x_wconf 87' lang='lat' dir='ltr'>concubinas,</span> <span class='ocrx_word' id='word_1_298' title='bbox 1711 3396 1774 3428; x_wconf 90' lang='lat' dir='ltr'>ac</span> <span class='ocrx_word' id='word_1_299' title='bbox 1802 3377 2056 3438; x_wconf 85' lang='lat' dir='ltr'>adulteri,</span> 
     </span>
     <span class='ocr_line' id='line_1_45' title="bbox 103 3459 2058 3530; baseline -0.002 -16"><span class='ocrx_word' id='word_1_300' title='bbox 103 3491 106 3498; x_wconf 91' lang='lat'>·</span> <span class='ocrx_word' id='word_1_301' title='bbox 133 3466 340 3524; x_wconf 74' lang='lat' dir='ltr'>stus,</span> <span class='ocrx_word' id='word_1_302' title='bbox 372 3461 541 3514; x_wconf 85' lang='lat' dir='ltr'>etiam</span> <span class='ocrx_word' id='word_1_303' title='bbox 572 3462 780 3530; x_wconf 79' lang='lat' dir='ltr'>strupri</span> <span class='ocrx_word' id='word_1_304' title='bbox 813 3463 930 3529; x_wconf 80' lang='lat' dir='ltr'>(sic)</span> <span class='ocrx_word' id='word_1_305' title='bbox 964 3461 1189 3515; x_wconf 89' lang='lat' dir='ltr'>crimina</span> <span class='ocrx_word' id='word_1_306' title='bbox 1224 3461 1563 3512; x_wconf 83' lang='lat' dir='ltr'>committere</span> <span class='ocrx_word' id='word_1_307' title='bbox 1582 3477 1691 3511; x_wconf 91' lang='lat' dir='ltr'>non</span> <span class='ocrx_word' id='word_1_308' title='bbox 1736 3459 2058 3520; x_wconf 82' lang='lat' dir='ltr'>verentur³;</span> 
     </span>
     <span class='ocr_line' id='line_1_46' title="bbox 137 3542 2055 3612; baseline -0.003 -15.117"><span class='ocrx_word' id='word_1_309' title='bbox 137 3569 141 3584; x_wconf 60' lang='grc' dir='ltr'><strong>ι</strong></span> <span class='ocrx_word' id='word_1_310' title='bbox 173 3545 335 3611; x_wconf 79' lang='lat' dir='ltr'>dque</span> <span class='ocrx_word' id='word_1_311' title='bbox 379 3555 604 3612; x_wconf 84' lang='lat' dir='ltr'>propter</span> <span class='ocrx_word' id='word_1_312' title='bbox 645 3545 858 3599; x_wconf 80' lang='lat' dir='ltr'>favores</span> <span class='ocrx_word' id='word_1_313' title='bbox 906 3546 1173 3598; x_wconf 88' lang='lat' dir='ltr'>malitiam</span> <span class='ocrx_word' id='word_1_314' title='bbox 1201 3555 1297 3596; x_wconf 88' lang='lat' dir='ltr'>aut</span> <span class='ocrx_word' id='word_1_315' title='bbox 1341 3544 1647 3611; x_wconf 83' lang='lat' dir='ltr'>potentiam</span> <span class='ocrx_word' id='word_1_316' title='bbox 1687 3543 1929 3610; x_wconf 90' lang='lat' dir='ltr'>ipsorum</span> <span class='ocrx_word' id='word_1_317' title='bbox 1958 3542 2055 3593; x_wconf 88' lang='lat' dir='ltr'>im-</span> 
     </span>
     <span class='ocr_line' id='line_1_47' title="bbox 102 3624 2052 3692; baseline -0 -14.042"><span class='ocrx_word' id='word_1_318' title='bbox 102 3624 263 3679; x_wconf 81' lang='lat' dir='ltr'>uniti</span> <span class='ocrx_word' id='word_1_319' title='bbox 300 3637 356 3679; x_wconf 85' lang='lat' dir='ltr'>et</span> <span class='ocrx_word' id='word_1_320' title='bbox 395 3627 686 3681; x_wconf 78' lang='lat' dir='ltr'>sentenciis</span> <span class='ocrx_word' id='word_1_321' title='bbox 726 3648 789 3685; x_wconf 81' lang='lat' dir='ltr'>ac</span> <span class='ocrx_word' id='word_1_322' title='bbox 831 3628 1143 3682; x_wconf 88' lang='lat' dir='ltr'>criminibus</span> <span class='ocrx_word' id='word_1_323' title='bbox 1187 3626 1498 3679; x_wconf 87' lang='lat' dir='ltr'>huiusmodi</span> <span class='ocrx_word' id='word_1_324' title='bbox 1550 3626 1832 3692; x_wconf 85' lang='lat' dir='ltr'>illaqueati</span> <span class='ocrx_word' id='word_1_325' title='bbox 1881 3644 2052 3678; x_wconf 90' lang='lat' dir='ltr'>rema-</span> 
     </span>
     <span class='ocr_line' id='line_1_48' title="bbox 35 3703 2055 3779; baseline -0.003 -14"><span class='ocrx_word' id='word_1_326' title='bbox 35 3703 42 3710; x_wconf 27' lang='lat'><em>*</em></span> <span class='ocrx_word' id='word_1_327' title='bbox 137 3736 173 3750; x_wconf 14' lang='grc' dir='ltr'>μ’</span> <span class='ocrx_word' id='word_1_328' title='bbox 218 3734 244 3771; x_wconf 63' lang='lat'>‚⁴</span> <span class='ocrx_word' id='word_1_329' title='bbox 271 3708 327 3765; x_wconf 84' lang='lat' dir='ltr'>in</span> <span class='ocrx_word' id='word_1_330' title='bbox 366 3709 674 3764; x_wconf 85' lang='lat' dir='ltr'>animarum</span> <span class='ocrx_word' id='word_1_331' title='bbox 713 3730 935 3764; x_wconf 87' lang='lat' dir='ltr'>suarum</span> <span class='ocrx_word' id='word_1_332' title='bbox 975 3709 1293 3779; x_wconf 89' lang='lat' dir='ltr'>periculum,</span> <span class='ocrx_word' id='word_1_333' title='bbox 1327 3709 1453 3762; x_wconf 86' lang='lat' dir='ltr'>mali</span> <span class='ocrx_word' id='word_1_334' title='bbox 1486 3707 1725 3777; x_wconf 78' lang='lat' dir='ltr'>exempli</span> <span class='ocrx_word' id='word_1_335' title='bbox 1765 3707 2055 3776; x_wconf 85' lang='lat' dir='ltr'>perniciem</span> 
     </span>
    </p>
   </div>
  </div>
 </body>
</html>
