<?xml version="1.0" encoding="UTF-8"?>
<!DOCTYPE html PUBLIC "-//W3C//DTD XHTML 1.0 Transitional//EN"
    "http://www.w3.org/TR/xhtml1/DTD/xhtml1-transitional.dtd">
<html xmlns="http://www.w3.org/1999/xhtml" xml:lang="en" lang="en">
 <head>
  <title>
</title>
<meta http-equiv="Content-Type" content="text/html;charset=utf-8" />
  <meta name='ocr-system' content='tesseract 3.04.00' />
  <meta name='ocr-capabilities' content='ocr_page ocr_carea ocr_par ocr_line ocrx_word'/>
</head>
<body>
  <div class='ocr_page' id='page_1' title='image "./bullairedelinqui00cathuoft_0188.png"; bbox 0 0 2540 4354; ppageno 0'>
   <div class='ocr_carea' id='block_1_1' title="bbox 424 354 2046 416">
    <p class='ocr_par' dir='ltr' id='par_1_1' title="bbox 424 354 2046 416">
     <span class='ocr_line' id='line_1_1' title="bbox 424 354 2046 416; baseline 0 -12"><span class='ocrx_word' id='word_1_1' title='bbox 424 354 491 404; x_wconf 78' lang='lat'><strong>94</strong></span> <span class='ocrx_word' id='word_1_2' title='bbox 814 373 1100 405; x_wconf 76' lang='lat' dir='ltr'><strong>BULLAIRE</strong></span> <span class='ocrx_word' id='word_1_3' title='bbox 1146 373 1220 404; x_wconf 81' lang='lat' dir='ltr'><strong>DE</strong></span> <span class='ocrx_word' id='word_1_4' title='bbox 1259 354 1674 416; x_wconf 75' lang='lat' dir='ltr'>L’1NQU1S1T10N</span> <span class='ocrx_word' id='word_1_5' title='bbox 1725 371 2046 415; x_wconf 70' lang='lat' dir='ltr'><strong>FRANcAtsss</strong></span> 
     </span>
    </p>
   </div>
   <div class='ocr_carea' id='block_1_2' title="bbox 416 485 2436 1900">
    <p class='ocr_par' dir='ltr' id='par_1_2' title="bbox 416 485 2436 1900">
     <span class='ocr_line' id='line_1_2' title="bbox 430 485 2434 552; baseline 0.001 -14"><span class='ocrx_word' id='word_1_6' title='bbox 430 507 554 538; x_wconf 91' lang='lat' dir='ltr'><strong>cum</strong></span> <span class='ocrx_word' id='word_1_7' title='bbox 592 489 762 539; x_wconf 88' lang='lat' dir='ltr'><strong>altero</strong></span> <span class='ocrx_word' id='word_1_8' title='bbox 801 499 1047 538; x_wconf 89' lang='lat' dir='ltr'><strong>vestrum</strong></span> <span class='ocrx_word' id='word_1_9' title='bbox 1086 488 1308 537; x_wconf 81' lang='lat' dir='ltr'><strong>deberet</strong></span> <span class='ocrx_word' id='word_1_10' title='bbox 1346 505 1507 552; x_wconf 92' lang='lat' dir='ltr'><strong>super</strong></span> <span class='ocrx_word' id='word_1_11' title='bbox 1545 485 1798 536; x_wconf 87' lang='lat' dir='ltr'><strong>omnibus</strong></span> <span class='ocrx_word' id='word_1_12' title='bbox 1836 487 2143 551; x_wconf 84' lang='lat' dir='ltr'><strong>procedere,</strong></span> <span class='ocrx_word' id='word_1_13' title='bbox 2182 506 2434 540; x_wconf 84' lang='lat' dir='ltr'><strong>revocare</strong></span> 
     </span>
     <span class='ocr_line' id='line_1_3' title="bbox 429 570 2436 638; baseline 0.001 -16"><span class='ocrx_word' id='word_1_14' title='bbox 429 572 707 634; x_wconf 84' lang='lat' dir='ltr'><strong>nitantur3</strong></span> <span class='ocrx_word' id='word_1_15' title='bbox 755 591 851 622; x_wconf 88' lang='lat' dir='ltr'><strong>nos</strong></span> <span class='ocrx_word' id='word_1_16' title='bbox 879 571 1286 622; x_wconf 80' lang='lat' dir='ltr'><strong>dubitationem</strong></span> <span class='ocrx_word' id='word_1_17' title='bbox 1313 570 1646 631; x_wconf 90' lang='lat' dir='ltr'><strong>huiusmodi,</strong></span> <span class='ocrx_word' id='word_1_18' title='bbox 1673 588 1739 619; x_wconf 93' lang='lat' dir='ltr'><strong>ne</strong></span> <span class='ocrx_word' id='word_1_19' title='bbox 1766 588 1860 636; x_wconf 91' lang='lat' dir='ltr'><strong>per</strong></span> <span class='ocrx_word' id='word_1_20' title='bbox 1886 589 2007 620; x_wconf 89' lang='lat' dir='ltr'><strong>eam</strong></span> <span class='ocrx_word' id='word_1_21' title='bbox 2025 570 2235 621; x_wconf 88' lang='lat' dir='ltr'><strong>dictum</strong></span> <span class='ocrx_word' id='word_1_22' title='bbox 2256 585 2436 638; x_wconf 88' lang='lat' dir='ltr'><strong>posset</strong></span> 
     </span>
     <span class='ocr_line' id='line_1_4' title="bbox 427 653 2431 723; baseline 0.001 -18"><span class='ocrx_word' id='word_1_23' title='bbox 427 656 709 722; x_wconf 84' lang='lat' dir='ltr'><strong>negotium</strong></span> <span class='ocrx_word' id='word_1_24' title='bbox 752 655 1030 723; x_wconf 91' lang='lat' dir='ltr'><strong>impediri,</strong></span> <span class='ocrx_word' id='word_1_25' title='bbox 1073 666 1363 721; x_wconf 90' lang='lat' dir='ltr'><strong>amputare</strong></span> <span class='ocrx_word' id='word_1_26' title='bbox 1406 655 1671 716; x_wconf 83' lang='lat' dir='ltr'><strong>volenteS,</strong></span> <span class='ocrx_word' id='word_1_27' title='bbox 1717 653 1970 720; x_wconf 90' lang='lat' dir='ltr'><strong>quamvis</strong></span> <span class='ocrx_word' id='word_1_28' title='bbox 2005 672 2098 720; x_wconf 90' lang='lat' dir='ltr'><strong>per</strong></span> <span class='ocrx_word' id='word_1_29' title='bbox 2117 657 2431 707; x_wconf 89' lang='lat' dir='ltr'><strong>earumdem</strong></span> 
     </span>
     <span class='ocr_line' id='line_1_5' title="bbox 426 737 2433 805; baseline 0 -15"><span class='ocrx_word' id='word_1_30' title='bbox 426 739 741 790; x_wconf 89' lang='lat' dir='ltr'><strong>litterarum</strong></span> <span class='ocrx_word' id='word_1_31' title='bbox 795 751 1010 790; x_wconf 86' lang='lat' dir='ltr'><strong>tenores</strong></span> <span class='ocrx_word' id='word_1_32' title='bbox 1065 739 1348 789; x_wconf 88' lang='lat' dir='ltr'><strong>evidenter</strong></span> <span class='ocrx_word' id='word_1_33' title='bbox 1403 748 1635 803; x_wconf 91' lang='lat' dir='ltr'><strong>pateret,</strong></span> <span class='ocrx_word' id='word_1_34' title='bbox 1693 737 2025 788; x_wconf 80' lang='lat' dir='ltr'><strong>auctoritate</strong></span> <span class='ocrx_word' id='word_1_35' title='bbox 2099 739 2433 805; x_wconf 88' lang='lat' dir='ltr'><strong>presentium</strong></span> 
     </span>
     <span class='ocr_line' id='line_1_6' title="bbox 426 821 2432 890; baseline 0.001 -17"><span class='ocrx_word' id='word_1_36' title='bbox 426 825 767 875; x_wconf 81' lang='lat' dir='ltr'><strong>declaramus</strong></span> <span class='ocrx_word' id='word_1_37' title='bbox 820 835 1003 875; x_wconf 91' lang='lat' dir='ltr'><strong>nostre</strong></span> <span class='ocrx_word' id='word_1_38' title='bbox 1055 822 1377 873; x_wconf 90' lang='lat' dir='ltr'><strong>intentionis</strong></span> <span class='ocrx_word' id='word_1_39' title='bbox 1430 821 1661 872; x_wconf 85' lang='lat' dir='ltr'><strong>existere</strong></span> <span class='ocrx_word' id='word_1_40' title='bbox 1699 841 1761 872; x_wconf 92' lang='lat' dir='ltr'><strong>ac</strong></span> <span class='ocrx_word' id='word_1_41' title='bbox 1797 822 1966 872; x_wconf 91' lang='lat' dir='ltr'><strong>etiam</strong></span> <span class='ocrx_word' id='word_1_42' title='bbox 2003 822 2250 874; x_wconf 86' lang='lat' dir='ltr'><strong>extitisse</strong></span> <span class='ocrx_word' id='word_1_43' title='bbox 2288 825 2432 890; x_wconf 90' lang='lat' dir='ltr'><strong>quod</strong></span> 
     </span>
     <span class='ocr_line' id='line_1_7' title="bbox 427 906 2432 973; baseline 0.001 -15"><span class='ocrx_word' id='word_1_44' title='bbox 427 927 541 970; x_wconf 89' lang='lat' dir='ltr'><strong>vos,</strong></span> <span class='ocrx_word' id='word_1_45' title='bbox 578 909 663 958; x_wconf 89' lang='lat' dir='ltr'><strong>vel</strong></span> <span class='ocrx_word' id='word_1_46' title='bbox 711 909 848 958; x_wconf 91' lang='lat' dir='ltr'><strong>alter</strong></span> <span class='ocrx_word' id='word_1_47' title='bbox 894 918 1160 968; x_wconf 90' lang='lat' dir='ltr'><strong>vestrum,</strong></span> <span class='ocrx_word' id='word_1_48' title='bbox 1210 925 1318 956; x_wconf 89' lang='lat' dir='ltr'><strong>una</strong></span> <span class='ocrx_word' id='word_1_49' title='bbox 1369 925 1492 956; x_wconf 89' lang='lat' dir='ltr'><strong>cum</strong></span> <span class='ocrx_word' id='word_1_50' title='bbox 1540 907 1733 956; x_wconf 91' lang='lat' dir='ltr'><strong>eodem</strong></span> <span class='ocrx_word' id='word_1_51' title='bbox 1766 906 2088 972; x_wconf 86' lang='lat' dir='ltr'><strong>inquisitore</strong></span> <span class='ocrx_word' id='word_1_52' title='bbox 2123 909 2432 973; x_wconf 82' lang='lat' dir='ltr'><strong>procedatis</strong></span> 
     </span>
     <span class='ocr_line' id='line_1_8' title="bbox 425 989 2433 1058; baseline 0.001 -16"><span class='ocrx_word' id='word_1_53' title='bbox 425 992 480 1042; x_wconf 94' lang='lat' dir='ltr'><strong>in</strong></span> <span class='ocrx_word' id='word_1_54' title='bbox 513 992 782 1058; x_wconf 88' lang='lat' dir='ltr'><strong>prelibato</strong></span> <span class='ocrx_word' id='word_1_55' title='bbox 816 991 1053 1056; x_wconf 82' lang='lat' dir='ltr'><strong>negotio,</strong></span> <span class='ocrx_word' id='word_1_56' title='bbox 1088 991 1310 1056; x_wconf 90' lang='lat' dir='ltr'><strong>ipseque</strong></span> <span class='ocrx_word' id='word_1_57' title='bbox 1343 989 1499 1040; x_wconf 89' lang='lat' dir='ltr'><strong>vobis</strong></span> <span class='ocrx_word' id='word_1_58' title='bbox 1533 1001 1587 1039; x_wconf 91' lang='lat' dir='ltr'><strong>et</strong></span> <span class='ocrx_word' id='word_1_59' title='bbox 1619 1001 1866 1040; x_wconf 88' lang='lat' dir='ltr'><strong>vestrum</strong></span> <span class='ocrx_word' id='word_1_60' title='bbox 1899 991 2122 1041; x_wconf 89' lang='lat' dir='ltr'><strong>cuilibet</strong></span> <span class='ocrx_word' id='word_1_61' title='bbox 2154 1011 2433 1058; x_wconf 88' lang='lat' dir='ltr'><strong>processus</strong></span> 
     </span>
     <span class='ocr_line' id='line_1_9' title="bbox 425 1074 2436 1140; baseline 0 -14"><span class='ocrx_word' id='word_1_62' title='bbox 425 1076 643 1126; x_wconf 92' lang='lat' dir='ltr'><strong>habitos</strong></span> <span class='ocrx_word' id='word_1_63' title='bbox 686 1086 740 1125; x_wconf 90' lang='lat' dir='ltr'><strong>ct</strong></span> <span class='ocrx_word' id='word_1_64' title='bbox 781 1076 1062 1125; x_wconf 88' lang='lat' dir='ltr'><strong>habendos</strong></span> <span class='ocrx_word' id='word_1_65' title='bbox 1105 1074 1526 1136; x_wconf 89' lang='lat' dir='ltr'><strong>communicare,</strong></span> <span class='ocrx_word' id='word_1_66' title='bbox 1568 1085 1686 1124; x_wconf 90' lang='lat' dir='ltr'><strong>tam</strong></span> <span class='ocrx_word' id='word_1_67' title='bbox 1728 1074 1866 1124; x_wconf 91' lang='lat' dir='ltr'><strong>circa</strong></span> <span class='ocrx_word' id='word_1_68' title='bbox 1909 1076 2291 1140; x_wconf 85' lang='lat' dir='ltr'><strong>proferendam</strong></span> <span class='ocrx_word' id='word_1_69' title='bbox 2319 1096 2436 1127; x_wconf 88' lang='lat' dir='ltr'><strong>sen·</strong></span> 
     </span>
     <span class='ocr_line' id='line_1_10' title="bbox 422 1158 2432 1225; baseline 0.002 -17"><span class='ocrx_word' id='word_1_70' title='bbox 422 1160 677 1221; x_wconf 88' lang='lat' dir='ltr'><strong>tentiam,</strong></span> <span class='ocrx_word' id='word_1_71' title='bbox 719 1179 886 1225; x_wconf 91' lang='lat' dir='ltr'><strong>quam</strong></span> <span class='ocrx_word' id='word_1_72' title='bbox 927 1178 1112 1208; x_wconf 92' lang='lat' dir='ltr'><strong>omnes</strong></span> <span class='ocrx_word' id='word_1_73' title='bbox 1154 1159 1285 1208; x_wconf 92' lang='lat' dir='ltr'><strong>alios</strong></span> <span class='ocrx_word' id='word_1_74' title='bbox 1326 1169 1480 1209; x_wconf 91' lang='lat' dir='ltr'><strong>actus</strong></span> <span class='ocrx_word' id='word_1_75' title='bbox 1521 1158 1689 1208; x_wconf 90' lang='lat' dir='ltr'><strong>etiam</strong></span> <span class='ocrx_word' id='word_1_76' title='bbox 1729 1170 1856 1208; x_wconf 85' lang='lat' dir='ltr'><strong>ante</strong></span> <span class='ocrx_word' id='word_1_77' title='bbox 1896 1159 2260 1224; x_wconf 85' lang='lat' dir='ltr'><strong>prolationem</strong></span> <span class='ocrx_word' id='word_1_78' title='bbox 2298 1161 2432 1213; x_wconf 91' lang='lat' dir='ltr'><strong>eius-</strong></span> 
     </span>
     <span class='ocr_line' id='line_1_11' title="bbox 423 1242 2431 1311; baseline 0.001 -17"><span class='ocrx_word' id='word_1_79' title='bbox 423 1245 547 1294; x_wconf 93' lang='lat' dir='ltr'><strong>dem</strong></span> <span class='ocrx_word' id='word_1_80' title='bbox 584 1244 854 1294; x_wconf 90' lang='lat' dir='ltr'><strong>sententic</strong></span> <span class='ocrx_word' id='word_1_81' title='bbox 891 1254 1163 1294; x_wconf 88' lang='lat' dir='ltr'><strong>teneatur.</strong></span> <span class='ocrx_word' id='word_1_82' title='bbox 1206 1242 1470 1307; x_wconf 81' lang='lat' dir='ltr'><strong>Quocirca</strong></span> <span class='ocrx_word' id='word_1_83' title='bbox 1508 1243 1847 1292; x_wconf 86' lang='lat' dir='ltr'><strong>fraternitati</strong></span> <span class='ocrx_word' id='word_1_84' title='bbox 1884 1255 2063 1294; x_wconf 90' lang='lat' dir='ltr'><strong>vestre</strong></span> <span class='ocrx_word' id='word_1_85' title='bbox 2102 1264 2195 1310; x_wconf 92' lang='lat' dir='ltr'><strong>per</strong></span> <span class='ocrx_word' id='word_1_86' title='bbox 2214 1257 2431 1311; x_wconf 88' lang='lat' dir='ltr'><strong>aposto-</strong></span> 
     </span>
     <span class='ocr_line' id='line_1_12' title="bbox 420 1327 2431 1395; baseline 0.001 -17"><span class='ocrx_word' id='word_1_87' title='bbox 420 1329 522 1379; x_wconf 88' lang='lat' dir='ltr'><strong>lica</strong></span> <span class='ocrx_word' id='word_1_88' title='bbox 570 1328 772 1394; x_wconf 91' lang='lat' dir='ltr'><strong>scripta</strong></span> <span class='ocrx_word' id='word_1_89' title='bbox 822 1329 1148 1378; x_wconf 88' lang='lat' dir='ltr'><strong>mandamus</strong></span> <span class='ocrx_word' id='word_1_90' title='bbox 1197 1327 1457 1393; x_wconf 81' lang='lat' dir='ltr'><strong>quatinus</strong></span> <span class='ocrx_word' id='word_1_91' title='bbox 1506 1347 1601 1377; x_wconf 88' lang='lat' dir='ltr'><strong>vos</strong></span> <span class='ocrx_word' id='word_1_92' title='bbox 1650 1339 1704 1376; x_wconf 91' lang='lat' dir='ltr'><strong>et</strong></span> <span class='ocrx_word' id='word_1_93' title='bbox 1752 1327 1973 1378; x_wconf 86' lang='lat' dir='ltr'><strong>cuilibet</strong></span> <span class='ocrx_word' id='word_1_94' title='bbox 2023 1329 2139 1395; x_wconf 72' lang='lat' dir='ltr'><strong>(sic)</strong></span> <span class='ocrx_word' id='word_1_95' title='bbox 2188 1341 2431 1382; x_wconf 81' lang='lat' dir='ltr'><strong>vestrum</strong></span> 
     </span>
     <span class='ocr_line' id='line_1_13' title="bbox 422 1412 2431 1478; baseline 0.001 -16"><span class='ocrx_word' id='word_1_96' title='bbox 422 1432 528 1462; x_wconf 90' lang='lat' dir='ltr'><strong>una</strong></span> <span class='ocrx_word' id='word_1_97' title='bbox 579 1432 703 1462; x_wconf 92' lang='lat' dir='ltr'><strong>cum</strong></span> <span class='ocrx_word' id='word_1_98' title='bbox 752 1413 944 1462; x_wconf 91' lang='lat' dir='ltr'><strong>eodem</strong></span> <span class='ocrx_word' id='word_1_99' title='bbox 992 1412 1314 1478; x_wconf 88' lang='lat' dir='ltr'><strong>inquisitore</strong></span> <span class='ocrx_word' id='word_1_100' title='bbox 1363 1412 1520 1462; x_wconf 86' lang='lat' dir='ltr'><strong>iuxta</strong></span> <span class='ocrx_word' id='word_1_101' title='bbox 1557 1423 1772 1462; x_wconf 91' lang='lat' dir='ltr'><strong>tenores</strong></span> <span class='ocrx_word' id='word_1_102' title='bbox 1791 1412 2101 1463; x_wconf 88' lang='lat' dir='ltr'><strong>litterarum</strong></span> <span class='ocrx_word' id='word_1_103' title='bbox 2121 1425 2431 1465; x_wconf 86' lang='lat' dir='ltr'><strong>nostrarum</strong></span> 
     </span>
     <span class='ocr_line' id='line_1_14' title="bbox 420 1496 2432 1562; baseline 0.001 -15"><span class='ocrx_word' id='word_1_104' title='bbox 420 1497 577 1547; x_wconf 84' lang='lat' dir='ltr'><strong>vobis</strong></span> <span class='ocrx_word' id='word_1_105' title='bbox 610 1497 944 1547; x_wconf 82' lang='lat' dir='ltr'><strong>directarum</strong></span> <span class='ocrx_word' id='word_1_106' title='bbox 974 1516 1135 1562; x_wconf 85' lang='lat' dir='ltr'><strong>super</strong></span> <span class='ocrx_word' id='word_1_107' title='bbox 1165 1498 1265 1546; x_wconf 89' lang='lat' dir='ltr'><strong>hoc</strong></span> <span class='ocrx_word' id='word_1_108' title='bbox 1296 1516 1356 1546; x_wconf 90' lang='lat' dir='ltr'><strong>ac</strong></span> <span class='ocrx_word' id='word_1_109' title='bbox 1387 1496 1815 1547; x_wconf 87' lang='lat' dir='ltr'><strong>declarationem</strong></span> <span class='ocrx_word' id='word_1_110' title='bbox 1844 1508 2091 1547; x_wconf 90' lang='lat' dir='ltr'><strong>nostram</strong></span> <span class='ocrx_word' id='word_1_111' title='bbox 2121 1498 2432 1549; x_wconf 88' lang='lat' dir='ltr'><strong>huiusmodi</strong></span> 
     </span>
     <span class='ocr_line' id='line_1_15' title="bbox 418 1580 2431 1648; baseline 0.002 -18"><span class='ocrx_word' id='word_1_112' title='bbox 418 1581 473 1631; x_wconf 88' lang='lat' dir='ltr'><strong>in</strong></span> <span class='ocrx_word' id='word_1_113' title='bbox 505 1582 654 1631; x_wconf 92' lang='lat' dir='ltr'><strong>dicto</strong></span> <span class='ocrx_word' id='word_1_114' title='bbox 686 1582 903 1647; x_wconf 83' lang='lat' dir='ltr'><strong>negotio</strong></span> <span class='ocrx_word' id='word_1_115' title='bbox 938 1580 1265 1648; x_wconf 87' lang='lat' dir='ltr'><strong>procedatis.</strong></span> <span class='ocrx_word' id='word_1_116' title='bbox 1301 1581 1397 1632; x_wconf 87' lang='lat' dir='ltr'><strong>Cui</strong></span> <span class='ocrx_word' id='word_1_117' title='bbox 1430 1581 1651 1647; x_wconf 85' lang='lat' dir='ltr'><strong>quidem</strong></span> <span class='ocrx_word' id='word_1_118' title='bbox 1682 1581 1994 1647; x_wconf 82' lang='lat' dir='ltr'><strong>inquisitori</strong></span> <span class='ocrx_word' id='word_1_119' title='bbox 2025 1601 2118 1648; x_wconf 89' lang='lat' dir='ltr'><strong>per</strong></span> <span class='ocrx_word' id='word_1_120' title='bbox 2163 1583 2294 1634; x_wconf 86' lang='lat' dir='ltr'><strong>alias</strong></span> <span class='ocrx_word' id='word_1_121' title='bbox 2339 1603 2431 1634; x_wconf 88' lang='lat' dir='ltr'><strong>no·</strong></span> 
     </span>
     <span class='ocr_line' id='line_1_16' title="bbox 419 1665 2429 1732; baseline 0 -16"><span class='ocrx_word' id='word_1_122' title='bbox 419 1677 558 1717; x_wconf 81' lang='lat' dir='ltr'><strong>stras</strong></span> <span class='ocrx_word' id='word_1_123' title='bbox 596 1666 808 1716; x_wconf 86' lang='lat' dir='ltr'><strong>litteras</strong></span> <span class='ocrx_word' id='word_1_124' title='bbox 850 1665 1235 1716; x_wconf 86' lang='lat' dir='ltr'><strong>mandavimus</strong></span> <span class='ocrx_word' id='word_1_125' title='bbox 1275 1676 1329 1714; x_wconf 90' lang='lat' dir='ltr'><strong>et</strong></span> <span class='ocrx_word' id='word_1_126' title='bbox 1367 1666 1535 1715; x_wconf 87' lang='lat' dir='ltr'><strong>ctiam</strong></span> <span class='ocrx_word' id='word_1_127' title='bbox 1575 1665 1905 1716; x_wconf 86' lang='lat' dir='ltr'><strong>auctoritate</strong></span> <span class='ocrx_word' id='word_1_128' title='bbox 1926 1667 2262 1732; x_wconf 83' lang='lat' dir='ltr'><strong>presentium</strong></span> <span class='ocrx_word' id='word_1_129' title='bbox 2295 1667 2429 1717; x_wconf 84' lang='lat' dir='ltr'><strong>inhi-</strong></span> 
     </span>
     <span class='ocr_line' id='line_1_17' title="bbox 416 1749 2428 1816; baseline 0.001 -16"><span class='ocrx_word' id='word_1_130' title='bbox 416 1752 610 1801; x_wconf 82' lang='lat' dir='ltr'><strong>bemus</strong></span> <span class='ocrx_word' id='word_1_131' title='bbox 643 1762 705 1800; x_wconf 89' lang='lat' dir='ltr'><strong>ut</strong></span> <span class='ocrx_word' id='word_1_132' title='bbox 737 1750 849 1800; x_wconf 91' lang='lat' dir='ltr'><strong>sine</strong></span> <span class='ocrx_word' id='word_1_133' title='bbox 881 1749 1037 1800; x_wconf 88' lang='lat' dir='ltr'><strong>vobis</strong></span> <span class='ocrx_word' id='word_1_134' title='bbox 1071 1761 1168 1800; x_wconf 93' lang='lat' dir='ltr'><strong>aut</strong></span> <span class='ocrx_word' id='word_1_135' title='bbox 1199 1760 1447 1800; x_wconf 88' lang='lat' dir='ltr'><strong>vestrum</strong></span> <span class='ocrx_word' id='word_1_136' title='bbox 1479 1751 1650 1799; x_wconf 85' lang='lat' dir='ltr'><strong>altero</strong></span> <span class='ocrx_word' id='word_1_137' title='bbox 1683 1769 1843 1815; x_wconf 89' lang='lat' dir='ltr'><strong>super</strong></span> <span class='ocrx_word' id='word_1_138' title='bbox 1876 1762 2179 1801; x_wconf 90' lang='lat' dir='ltr'><strong>memorato</strong></span> <span class='ocrx_word' id='word_1_139' title='bbox 2212 1752 2428 1816; x_wconf 83' lang='lat' dir='ltr'><strong>negotio</strong></span> 
     </span>
     <span class='ocr_line' id='line_1_18' title="bbox 418 1835 2427 1900; baseline 0 -15"><span class='ocrx_word' id='word_1_140' title='bbox 418 1836 485 1885; x_wconf 89' lang='lat' dir='ltr'><strong>ad</strong></span> <span class='ocrx_word' id='word_1_141' title='bbox 526 1846 714 1885; x_wconf 89' lang='lat' dir='ltr'><strong>actum</strong></span> <span class='ocrx_word' id='word_1_142' title='bbox 753 1835 992 1900; x_wconf 87' lang='lat' dir='ltr'><strong>aliquem</strong></span> <span class='ocrx_word' id='word_1_143' title='bbox 1030 1853 1139 1884; x_wconf 91' lang='lat' dir='ltr'><strong>non</strong></span> <span class='ocrx_word' id='word_1_144' title='bbox 1178 1835 1456 1900; x_wconf 90' lang='lat' dir='ltr'><strong>procedat.</strong></span> <span class='ocrx_word' id='word_1_145' title='bbox 1498 1864 1566 1869; x_wconf 90' lang='lat'><strong>—</strong></span> <span class='ocrx_word' id='word_1_146' title='bbox 1606 1836 1813 1884; x_wconf 70' lang='lat' dir='ltr'><strong>Datum</strong></span> <span class='ocrx_word' id='word_1_147' title='bbox 1854 1835 2128 1898; x_wconf 87' lang='lat' dir='ltr'><strong>Avinioni,</strong></span> <span class='ocrx_word' id='word_1_148' title='bbox 2187 1836 2427 1886; x_wconf 82' lang='lat' dir='ltr'><strong>kalendis</strong></span> 
     </span>
    </p>
   </div>
   <div class='ocr_carea' id='block_1_3' title="bbox 416 1919 1163 1994">
    <p class='ocr_par' dir='ltr' id='par_1_3' title="bbox 416 1919 1163 1994">
     <span class='ocr_line' id='line_1_19' title="bbox 416 1919 1163 1994; baseline 0.004 -26"><span class='ocrx_word' id='word_1_149' title='bbox 416 1919 733 1994; x_wconf 85' lang='lat' dir='ltr'><strong>decembris,</strong></span> <span class='ocrx_word' id='word_1_150' title='bbox 770 1938 911 1970; x_wconf 89' lang='lat' dir='ltr'><strong>anno</strong></span> <span class='ocrx_word' id='word_1_151' title='bbox 948 1930 1163 1971; x_wconf 87' lang='lat' dir='ltr'><strong>octavo.</strong></span> 
     </span>
    </p>
   </div>
   <div class='ocr_carea' id='block_1_4' title="bbox 1281 2345 1557 2405">
    <p class='ocr_par' dir='ltr' id='par_1_4' title="bbox 1281 2345 1557 2405">
     <span class='ocr_line' id='line_1_20' title="bbox 1281 2345 1557 2405; baseline 0.004 -17"><span class='ocrx_word' id='word_1_152' title='bbox 1281 2345 1557 2405; x_wconf 67' lang='lat'>—56-</span> 
     </span>
    </p>
   </div>
   <div class='ocr_carea' id='block_1_5' title="bbox 486 2506 2414 2575">
    <p class='ocr_par' dir='ltr' id='par_1_5' title="bbox 486 2506 2414 2575">
     <span class='ocr_line' id='line_1_21' title="bbox 486 2506 2414 2575; baseline 0.001 -19"><span class='ocrx_word' id='word_1_153' title='bbox 486 2506 833 2572; x_wconf 74' lang='lat' dir='ltr'><strong>Notification</strong></span> <span class='ocrx_word' id='word_1_154' title='bbox 876 2507 935 2558; x_wconf 83' lang='lat' dir='ltr'><strong>de</strong></span> <span class='ocrx_word' id='word_1_155' title='bbox 980 2508 1032 2557; x_wconf 84' lang='lat' dir='ltr'><strong>Ia</strong></span> <span class='ocrx_word' id='word_1_156' title='bbox 1078 2526 1275 2557; x_wconf 62' lang='lat' dir='ltr'><strong>&#39;nesure</strong></span> <span class='ocrx_word' id='word_1_157' title='bbox 1319 2508 1421 2573; x_wconf 76' lang='lat' dir='ltr'><strong>qui-</strong></span> <span class='ocrx_word' id='word_1_158' title='bbox 1453 2509 1662 2573; x_wconf 61' lang='lat' dir='ltr'><strong>precede</strong></span> <span class='ocrx_word' id='word_1_159' title='bbox 1705 2511 1736 2558; x_wconf 77' lang='grc' dir='ltr'><strong>ἀ,</strong></span> <span class='ocrx_word' id='word_1_160' title='bbox 1782 2507 2140 2575; x_wconf 75' lang='lat' dir='ltr'><strong>l’inquisiteur</strong></span> <span class='ocrx_word' id='word_1_161' title='bbox 2174 2508 2414 2559; x_wconf 78' lang='lat' dir='ltr'><strong>Maurice</strong></span> 
     </span>
    </p>
   </div>
   <div class='ocr_carea' id='block_1_6' title="bbox 411 2591 1829 2657">
    <p class='ocr_par' dir='ltr' id='par_1_6' title="bbox 411 2591 1829 2657">
     <span class='ocr_line' id='line_1_22' title="bbox 411 2591 1829 2657; baseline 0.002 -17"><span class='ocrx_word' id='word_1_162' title='bbox 411 2591 470 2640; x_wconf 83' lang='lat' dir='ltr'><strong>de</strong></span> <span class='ocrx_word' id='word_1_163' title='bbox 498 2591 839 2642; x_wconf 79' lang='lat' dir='ltr'><strong>Saint-Paul.</strong></span> <span class='ocrx_word' id='word_1_164' title='bbox 870 2621 938 2627; x_wconf 87' lang='lat'>—</span> <span class='ocrx_word' id='word_1_165' title='bbox 964 2591 1234 2657; x_wconf 86' lang='lat' dir='ltr'><strong>Avignon,</strong></span> <span class='ocrx_word' id='word_1_166' title='bbox 1266 2592 1345 2642; x_wconf 63' lang='grc' dir='ltr'><strong>1θῖ</strong></span> <span class='ocrx_word' id='word_1_167' title='bbox 1371 2593 1657 2643; x_wconf 73' lang='lat' dir='ltr'><strong>decembre</strong></span> <span class='ocrx_word' id='word_1_168' title='bbox 1680 2592 1829 2643; x_wconf 83' lang='lat'><strong>1323.</strong></span> 
     </span>
    </p>
   </div>
   <div class='ocr_carea' id='block_1_7' title="bbox 755 2725 2325 2781">
    <p class='ocr_par' dir='ltr' id='par_1_7' title="bbox 755 2725 2325 2781">
     <span class='ocr_line' id='line_1_23' title="bbox 755 2725 2325 2781; baseline 0.002 -15"><span class='ocrx_word' id='word_1_169' title='bbox 755 2726 860 2778; x_wconf 84' lang='lat' dir='ltr'><strong>ch.</strong></span> <span class='ocrx_word' id='word_1_170' title='bbox 901 2725 1015 2777; x_wconf 58' lang='lat' dir='ltr'><strong>Vah,</strong></span> <span class='ocrx_word' id='word_1_171' title='bbox 1050 2733 1083 2766; x_wconf 90' lang='lat' dir='ltr'><strong>t.</strong></span> <span class='ocrx_word' id='word_1_172' title='bbox 1122 2740 1235 2778; x_wconf 84' lang='lat' dir='ltr'><strong>cxu,</strong></span> <span class='ocrx_word' id='word_1_173' title='bbox 1269 2726 1344 2767; x_wconf 70' lang='lat' dir='ltr'><strong>fol.</strong></span> <span class='ocrx_word' id='word_1_174' title='bbox 1382 2727 1405 2767; x_wconf 93' lang='lat'><strong>7</strong></span> <span class='ocrx_word' id='word_1_175' title='bbox 1444 2731 1510 2778; x_wconf 73' lang='grc' dir='ltr'><strong>νῦ,</strong></span> <span class='ocrx_word' id='word_1_176' title='bbox 1544 2741 1587 2767; x_wconf 91' lang='lat' dir='ltr'><strong>n.</strong></span> <span class='ocrx_word' id='word_1_177' title='bbox 1623 2727 1727 2776; x_wconf 85' lang='lat'>529;</span> <span class='ocrx_word' id='word_1_178' title='bbox 1763 2726 1910 2779; x_wconf 87' lang='lat' dir='ltr'><strong>Vidal,</strong></span> <span class='ocrx_word' id='word_1_179' title='bbox 1944 2740 2013 2781; x_wconf 82' lang='lat' dir='ltr'><strong>op.</strong></span> <span class='ocrx_word' id='word_1_180' title='bbox 2050 2726 2136 2778; x_wconf 62' lang='lat' dir='ltr'><strong>cit„</strong></span> <span class='ocrx_word' id='word_1_181' title='bbox 2154 2742 2197 2781; x_wconf 86' lang='lat' dir='ltr'><strong>p.</strong></span> <span class='ocrx_word' id='word_1_182' title='bbox 2225 2728 2325 2769; x_wconf 83' lang='lat'><strong>430.</strong></span> 
     </span>
    </p>
   </div>
   <div class='ocr_carea' id='block_1_8' title="bbox 406 2844 2416 3495">
    <p class='ocr_par' dir='ltr' id='par_1_8' title="bbox 406 2844 2416 3495">
     <span class='ocr_line' id='line_1_24' title="bbox 481 2844 2400 2913; baseline 0.001 -18"><span class='ocrx_word' id='word_1_183' title='bbox 481 2844 741 2895; x_wconf 86' lang='lat' dir='ltr'><strong>Mauricio</strong></span> <span class='ocrx_word' id='word_1_184' title='bbox 791 2845 856 2895; x_wconf 90' lang='lat' dir='ltr'><strong>de</strong></span> <span class='ocrx_word' id='word_1_185' title='bbox 908 2845 1107 2895; x_wconf 88' lang='lat' dir='ltr'><strong>Sancto</strong></span> <span class='ocrx_word' id='word_1_186' title='bbox 1161 2846 1348 2908; x_wconf 90' lang='lat' dir='ltr'><strong>Paulo,</strong></span> <span class='ocrx_word' id='word_1_187' title='bbox 1400 2845 1603 2896; x_wconf 89' lang='lat' dir='ltr'><strong>ordinis</strong></span> <span class='ocrx_word' id='word_1_188' title='bbox 1651 2846 2078 2912; x_wconf 84' lang='lat' dir='ltr'><strong>predicatorum,</strong></span> <span class='ocrx_word' id='word_1_189' title='bbox 2109 2846 2400 2913; x_wconf 85' lang='lat' dir='ltr'><strong>inquisitor</strong></span> 
     </span>
     <span class='ocr_line' id='line_1_25' title="bbox 408 2928 2414 2997; baseline 0.002 -19"><span class='ocrx_word' id='word_1_190' title='bbox 408 2928 641 2979; x_wconf 87' lang='lat' dir='ltr'><strong>heretice</strong></span> <span class='ocrx_word' id='word_1_191' title='bbox 691 2928 985 2995; x_wconf 88' lang='lat' dir='ltr'><strong>pravitatis</strong></span> <span class='ocrx_word' id='word_1_192' title='bbox 1034 2929 1089 2979; x_wconf 89' lang='lat' dir='ltr'><strong>in</strong></span> <span class='ocrx_word' id='word_1_193' title='bbox 1139 2929 1420 2996; x_wconf 89' lang='lat' dir='ltr'><strong>provincia</strong></span> <span class='ocrx_word' id='word_1_194' title='bbox 1452 2931 1723 2981; x_wconf 89' lang='lat' dir='ltr'><strong>Turonen.</strong></span> <span class='ocrx_word' id='word_1_195' title='bbox 1756 2960 1823 2967; x_wconf 91' lang='lat'><strong>—-</strong></span> <span class='ocrx_word' id='word_1_196' title='bbox 1852 2932 2075 2982; x_wconf 93' lang='lat' dir='ltr'><strong>Dudum</strong></span> <span class='ocrx_word' id='word_1_197' title='bbox 2107 2949 2176 2981; x_wconf 87' lang='lat' dir='ltr'><strong>ex</strong></span> <span class='ocrx_word' id='word_1_198' title='bbox 2194 2942 2414 2997; x_wconf 89' lang='lat' dir='ltr'><strong>parte...</strong></span> 
     </span>
     <span class='ocr_line' id='line_1_26' title="bbox 407 3013 2416 3080; baseline 0 -17"><span class='ocrx_word' id='word_1_199' title='bbox 407 3013 626 3078; x_wconf 84' lang='lat' dir='ltr'><strong>(comme</strong></span> <span class='ocrx_word' id='word_1_200' title='bbox 680 3013 952 3074; x_wconf 78' lang='lat' dir='ltr'><strong>ci-dessus,</strong></span> <span class='ocrx_word' id='word_1_201' title='bbox 1014 3014 1233 3065; x_wconf 73' lang='lat' dir='ltr'><strong>mutatis</strong></span> <span class='ocrx_word' id='word_1_202' title='bbox 1282 3015 1589 3080; x_wconf 77' lang='lat' dir='ltr'><strong>mutandis).</strong></span> <span class='ocrx_word' id='word_1_203' title='bbox 1650 3014 1914 3077; x_wconf 87' lang='lat' dir='ltr'><strong>Quocirca</strong></span> <span class='ocrx_word' id='word_1_204' title='bbox 1961 3014 2274 3065; x_wconf 87' lang='lat' dir='ltr'><strong>discretioni</strong></span> <span class='ocrx_word' id='word_1_205' title='bbox 2325 3026 2416 3064; x_wconf 87' lang='lat' dir='ltr'><strong>tue</strong></span> 
     </span>
     <span class='ocr_line' id='line_1_27' title="bbox 408 3097 2415 3165; baseline 0.001 -20"><span class='ocrx_word' id='word_1_206' title='bbox 408 3115 502 3162; x_wconf 90' lang='lat' dir='ltr'><strong>per</strong></span> <span class='ocrx_word' id='word_1_207' title='bbox 535 3097 837 3163; x_wconf 89' lang='lat' dir='ltr'><strong>apostolica</strong></span> <span class='ocrx_word' id='word_1_208' title='bbox 887 3097 1089 3163; x_wconf 90' lang='lat' dir='ltr'><strong>scripta</strong></span> <span class='ocrx_word' id='word_1_209' title='bbox 1140 3099 1468 3148; x_wconf 91' lang='lat' dir='ltr'><strong>mandamus</strong></span> <span class='ocrx_word' id='word_1_210' title='bbox 1519 3098 1779 3164; x_wconf 88' lang='lat' dir='ltr'><strong>quatinus</strong></span> <span class='ocrx_word' id='word_1_211' title='bbox 1843 3099 1954 3148; x_wconf 91' lang='lat' dir='ltr'><strong>sine</strong></span> <span class='ocrx_word' id='word_1_212' title='bbox 2005 3098 2261 3165; x_wconf 86' lang='lat' dir='ltr'><strong>predictis</strong></span> <span class='ocrx_word' id='word_1_213' title='bbox 2310 3098 2415 3164; x_wconf 84' lang='lat' dir='ltr'><strong>epi·</strong></span> 
     </span>
     <span class='ocr_line' id='line_1_28' title="bbox 406 3180 2415 3248; baseline 0.001 -19"><span class='ocrx_word' id='word_1_214' title='bbox 406 3180 583 3246; x_wconf 87' lang='lat' dir='ltr'><strong>&#39;scopis</strong></span> <span class='ocrx_word' id='word_1_215' title='bbox 628 3182 713 3230; x_wconf 89' lang='lat' dir='ltr'><strong>vel</strong></span> <span class='ocrx_word' id='word_1_216' title='bbox 757 3199 945 3230; x_wconf 91' lang='lat' dir='ltr'><strong>eorum</strong></span> <span class='ocrx_word' id='word_1_217' title='bbox 989 3182 1160 3230; x_wconf 89' lang='lat' dir='ltr'><strong>altero</strong></span> <span class='ocrx_word' id='word_1_218' title='bbox 1205 3200 1365 3247; x_wconf 90' lang='lat' dir='ltr'><strong>super</strong></span> <span class='ocrx_word' id='word_1_219' title='bbox 1408 3182 1555 3232; x_wconf 92' lang='lat' dir='ltr'><strong>dicto</strong></span> <span class='ocrx_word' id='word_1_220' title='bbox 1600 3181 1818 3247; x_wconf 85' lang='lat' dir='ltr'><strong>negotio</strong></span> <span class='ocrx_word' id='word_1_221' title='bbox 1863 3182 1931 3232; x_wconf 89' lang='lat' dir='ltr'><strong>ad</strong></span> <span class='ocrx_word' id='word_1_222' title='bbox 1965 3194 2152 3232; x_wconf 89' lang='lat' dir='ltr'><strong>actum</strong></span> <span class='ocrx_word' id='word_1_223' title='bbox 2180 3183 2415 3248; x_wconf 87' lang='lat' dir='ltr'><strong>aliquem</strong></span> 
     </span>
     <span class='ocr_line' id='line_1_29' title="bbox 406 3263 2413 3330; baseline 0.001 -18"><span class='ocrx_word' id='word_1_224' title='bbox 406 3281 516 3313; x_wconf 90' lang='lat' dir='ltr'><strong>non</strong></span> <span class='ocrx_word' id='word_1_225' title='bbox 560 3265 841 3330; x_wconf 82' lang='lat' dir='ltr'><strong>procedaS,</strong></span> <span class='ocrx_word' id='word_1_226' title='bbox 887 3265 980 3314; x_wconf 89' lang='lat' dir='ltr'><strong>sed</strong></span> <span class='ocrx_word' id='word_1_227' title='bbox 1025 3263 1183 3317; x_wconf 86' lang='lat' dir='ltr'><strong>iuxta</strong></span> <span class='ocrx_word' id='word_1_228' title='bbox 1225 3264 1591 3316; x_wconf 89' lang='lat' dir='ltr'><strong>intentionem</strong></span> <span class='ocrx_word' id='word_1_229' title='bbox 1633 3276 1689 3315; x_wconf 90' lang='lat' dir='ltr'><strong>et</strong></span> <span class='ocrx_word' id='word_1_230' title='bbox 1732 3266 2160 3316; x_wconf 88' lang='lat' dir='ltr'><strong>declarationem</strong></span> <span class='ocrx_word' id='word_1_231' title='bbox 2203 3277 2413 3316; x_wconf 86' lang='lat' dir='ltr'><strong>nostras</strong></span> 
     </span>
     <span class='ocr_line' id='line_1_30' title="bbox 406 3347 2414 3415; baseline 0.001 -19"><span class='ocrx_word' id='word_1_232' title='bbox 406 3347 717 3397; x_wconf 89' lang='lat' dir='ltr'><strong>huiusmodi</strong></span> <span class='ocrx_word' id='word_1_233' title='bbox 764 3348 1063 3414; x_wconf 88' lang='lat' dir='ltr'><strong>prudenter</strong></span> <span class='ocrx_word' id='word_1_234' title='bbox 1101 3366 1263 3414; x_wconf 87' lang='lat' dir='ltr'><strong>super</strong></span> <span class='ocrx_word' id='word_1_235' title='bbox 1308 3349 1408 3398; x_wconf 91' lang='lat' dir='ltr'><strong>hiis</strong></span> <span class='ocrx_word' id='word_1_236' title='bbox 1455 3349 1528 3399; x_wconf 89' lang='lat' dir='ltr'><strong>sic</strong></span> <span class='ocrx_word' id='word_1_237' title='bbox 1573 3360 1627 3398; x_wconf 90' lang='lat' dir='ltr'><strong>te</strong></span> <span class='ocrx_word' id='word_1_238' title='bbox 1674 3367 1825 3414; x_wconf 86' lang='lat' dir='ltr'><strong>geras</strong></span> <span class='ocrx_word' id='word_1_239' title='bbox 1872 3351 2018 3415; x_wconf 90' lang='lat' dir='ltr'><strong>quod</strong></span> <span class='ocrx_word' id='word_1_240' title='bbox 2063 3349 2188 3400; x_wconf 91' lang='lat' dir='ltr'><strong>inde</strong></span> <span class='ocrx_word' id='word_1_241' title='bbox 2219 3351 2414 3400; x_wconf 88' lang='lat' dir='ltr'><strong>debeas</strong></span> 
     </span>
     <span class='ocr_line' id='line_1_31' title="bbox 408 3431 2412 3495; baseline 0 -13"><span class='ocrx_word' id='word_1_242' title='bbox 408 3431 600 3482; x_wconf 82' lang='lat' dir='ltr'><strong>merito</strong></span> <span class='ocrx_word' id='word_1_243' title='bbox 654 3431 1044 3482; x_wconf 88' lang='lat' dir='ltr'><strong>commendari.</strong></span> <span class='ocrx_word' id='word_1_244' title='bbox 1097 3461 1167 3469; x_wconf 90' lang='lat'>—</span> <span class='ocrx_word' id='word_1_245' title='bbox 1218 3434 1426 3484; x_wconf 86' lang='lat' dir='ltr'><strong>Datum</strong></span> <span class='ocrx_word' id='word_1_246' title='bbox 1479 3433 1753 3495; x_wconf 88' lang='lat' dir='ltr'><strong>Avinioni,</strong></span> <span class='ocrx_word' id='word_1_247' title='bbox 1807 3434 2051 3484; x_wconf 89' lang='lat' dir='ltr'><strong>kalendis</strong></span> <span class='ocrx_word' id='word_1_248' title='bbox 2098 3432 2412 3493; x_wconf 73' lang='lat' dir='ltr'><strong>decembriS,</strong></span> 
     </span>
    </p>
   </div>
   <div class='ocr_carea' id='block_1_9' title="bbox 403 3527 792 3570">
    <p class='ocr_par' dir='ltr' id='par_1_9' title="bbox 403 3527 792 3570">
     <span class='ocr_line' id='line_1_32' title="bbox 403 3527 792 3570; baseline 0.01 -6"><span class='ocrx_word' id='word_1_249' title='bbox 403 3534 544 3564; x_wconf 84' lang='lat' dir='ltr'><strong>anno</strong></span> <span class='ocrx_word' id='word_1_250' title='bbox 576 3527 792 3570; x_wconf 71' lang='lat' dir='ltr'><strong>octavo,</strong></span> 
     </span>
    </p>
   </div>
  </div>
 </body>
</html>
