2540 4354
482 336 583 388 446
871 356 1158 389 BULLAIRE
1201 358 1277 390 niz
1319 340 1738 401 L’1NQu1s1T1oN
1781 358 2100 403 rnAqursss

484 470 800 522 minationis
837 472 907 522 ad
944 482 1128 537 partes
1167 491 1264 538 pro
1303 474 1641 525 absentibus.
1681 502 1750 509 --
1789 474 1916 525 Dat.
1957 473 2231 535 Avinioni,
2251 476 2483 524 secundo

480 572 650 605 nonas
689 555 889 620 aprilis,
927 574 1070 606 anno
1107 558 1362 610 secundo.

477 708 576 766 -1,
611 710 841 752 Ρθυῐ-ὂῑτθ
872 711 1060 753 Durand
1089 712 1276 762 Salvam
1308 728 1350 754 n.
1383 714 1481 766 206,
1511 722 1618 756 note
1646 716 1686 756 3.

542 781 581 821 2.
617 780 825 833 Prouille,
858 789 978 823 cant.
1013 783 1067 823 de
1099 783 1333 836 Fanjeaux
1371 783 1550 837 (Aude),
1582 786 1760 826 arrond.
1794 787 1850 826 de
1880 786 2251 838 Castelnaudary.
2285 785 2486 826 Convent

483 852 536 891 de
575 850 911 893 dominicaines.

540 922 579 961 3.
613 921 755 963 Blesle
783 920 1138 976 (Haute-Loire),
1163 925 1340 964 arrond.
1367 925 1422 965 de
1444 924 1651 966 Brioude.
1678 926 1884 967 Couvent
1907 927 1962 966 de
1984 926 2278 968 benedietins.

538 992 579 1032 4.
613 992 785 1034 Caunes
810 991 988 1046 (Aude),
1010 995 1188 1034 arrond.
1211 996 1266 1035 de
1287 994 1602 1036 Carcassonne.
1625 994 1816 1049 Abbaye
1835 998 1890 1037 de
1906 996 2225 1038 benedictines.

539 1063 578 1103 5.
613 1062 1024 1105 Lavofite-Chilhao
1057 1063 1413 1118 (Haute-Loire),
1442 1067 1620 1107 arrond.
1652 1067 1706 1107 de
1734 1066 1943 1108 Brioude.

1319 1480 1653 1541 —314—

575 1649 806 1699 Cle‘ment
843 1647 957 1698 VII
987 1646 1215 1697 ordonne
1245 1648 1277 1695 ὰ
1307 1644 1536 1711 l’official
1564 1645 1624 1694 de
1654 1645 1928 1705 Besancon
1957 1645 2017 1694 de
2047 1646 2286 1710 proceder
2313 1648 2346 1695 ὰ
2393 1664 2490 1696 une

488 1737 698 1800 εηᾳιιέἰε
727 1751 819 1781 sur
848 1733 892 1781 le
921 1742 1119 1796 compte
1148 1731 1207 1780 de
1240 1731 1380 1780 Jean
1408 1730 1468 1779 de
1498 1730 1703 1790 Pelens,
1736 1732 1854 1778 cure'
1882 1729 1942 1779 de
1971 1729 2281 1794 Charsilley,
2300 1748 2370 1779 au
2385 1730 2489 1780 dio-

489 1824 596 1870 cese
631 1818 692 1868 de
728 1818 1021 1878 Besancon,
1060 1826 1104 1865 et
1139 1814 1228 1864 s’il
1263 1833 1326 1864 en
1363 1814 1549 1863 re‘sulte
1585 1832 1680 1878 que
1717 1832 1767 1862 ce
1804 1824 1998 1862 rectem·
2033 1824 2104 1863 est
2139 1814 2387 1878 coupable
2421 1813 2490 1863 du

487 1903 645 1954 crime
669 1900 935 1961 d’he'resie,
963 1900 1023 1950 de
1049 1900 1092 1949 le
1117 1898 1291 1964 priver
1317 1898 1377 1948 de
1401 1915 1462 1947 sa
1487 1897 1740 1963 paroisse.
1762 1925 1830 1931 —
1848 1897 2119 1962 Avignon,
2140 1897 2169 1947 5
2188 1897 2323 1948 avril
2343 1897 2488 1951 1380.

826 2035 932 2087 Reg.
961 2034 1117 2087 Aven„
1145 2040 1178 2075 t.
1210 2046 1385 2086 ccxm,
1413 2032 1490 2075 fol.
1518 2033 1617 2074 380.

569 2160 779 2210 Dilecto
821 2156 981 2207 filio..
1019 2154 1234 2205 officiali
1270 2153 1563 2215 Bisuntin„
1603 2154 1855 2217 salutem,
1894 2165 1997 2206 etc.
2038 2183 2106 2190 —
2143 2154 2225 2205 Ad
2276 2155 2486 2206 audien·
2520 2206 2523 2208 ,

485 2246 623 2297 tiam
655 2253 903 2295 nostram
937 2238 1190 2307 pervenit
1225 2239 1371 2304 quod
1406 2238 1686 2289 ,Iohannes
1721 2239 1786 2289 de
1823 2240 2030 2302 Peleus,
2063 2250 2241 2289 rector
2273 2241 2485 2306 paroch.

485 2329 707 2380 ecclesie
755 2328 822 2378 de
871 2325 1188 2389 Charsilley,
1238 2323 1510 2373 Bisuntin.
1575 2323 1822 2386 diocesis,
1887 2325 1951 2373 de
2014 2324 2237 2374 crimine
2297 2324 2492 2390 heresis

486 2415 839 2464 vehementer
879 2419 1163 2475 suspectus
1204 2418 1259 2457 et
1299 2407 1514 2473 publice
1555 2407 1874 2459 diffamatus
1916 2427 1978 2459 ac
2018 2409 2187 2460 etiam
2205 2419 2485 2460 accusatus

485 2499 701 2560 existit3
739 2515 836 2547 nos
874 2494 1040 2560 igitur
1077 2493 1429 2543 attendentes
1470 2492 1616 2557 quod
1655 2492 1834 2542 dictus
1875 2493 2153 2543 Johannes
2193 2493 2237 2542 si
2274 2492 2488 2543 crimine

488 2581 802 2634 huiusmodi
841 2577 1174 2629 commiserit
1216 2576 1362 2630 dicta
1405 2576 1704 2641 parochiali
1745 2577 1968 2628 ecclesia
2012 2596 2177 2643 quam
2210 2587 2339 2628 tunc
2357 2575 2490 2626 obti-

485 2669 657 2718 nebat
699 2675 863 2732 prout
907 2662 1123 2713 obtinet
1164 2660 1407 2710 reddidit
1450 2679 1505 2710 se
1547 2660 1855 2726 indignum,
1902 2661 2214 2712 discretioni
2256 2671 2347 2710 tue
2401 2676 2491 2726 per

486 2749 788 2816 apostolica
835 2747 1039 2813 scripta
1085 2745 1414 2796 mandamus
1462 2744 1723 2810 quatinus
1768 2745 1979 2795 vocatis
2039 2745 2185 2795 dicto
2245 2745 2486 2795 Johanne

485 2846 542 2885 et
583 2834 699 2886 aliis
744 2831 837 2899 qui
877 2830 1083 2881 fuerint
1119 2828 1395 2892 ,evocandi
1437 2846 1598 2894 super
1616 2828 1892 2894 premissis
1911 2828 2152 2893 inquiras
2172 2827 2493 2879 auctoritato

487 2929 674 2969 nostra
713 2915 1028 2982 diligentius
1066 2913 1389 2974 veritatem3
1426 2923 1482 2961 et
1519 2912 1562 2962 si
1600 2931 1694 2978 per
1730 2912 2143 2978 inquisitionem
2182 2908 2487 2962 huiusmodi

487 3002 785 3068 reppereris
830 3000 1087 3050 eumdem
1135 2998 1446 3049 Johannem
1480 2997 1681 3047 crimen
1714 2997 2022 3062 predictum
2059 2996 2403 3057 commisisse,
2434 3002 2492 3044 ut

490 3087 777 3152 prefertur,
825 3085 1006 3150 ipsum
1053 3082 1267 3148 prefata
1315 3081 1538 3132 ecclesia
1587 3081 1922 3132 auctoritate
1970 3082 2212 3146 predicta
2264 3079 2488 3130 finaliter

488 3171 667 3236 prives
695 3189 788 3220 seu
817 3169 1056 3220 declares
1084 3167 1199 3216 fore
1228 3165 1511 3233 privatum
1538 3176 1594 3215 et
1621 3184 1879 3216 amoveas
1907 3168 1977 3216 ab
2004 3166 2263 3217 eadem...
2294 3191 2361 3198 —
2391 3162 2489 3212 Da-

485 3265 605 3304 tum
642 3253 914 3314 Avinioni,
950 3251 1107 3303 nonis
1142 3250 1343 3316 aprilis,
1380 3267 1522 3301 anno
1559 3250 1813 3301 secundo.
