2540 4354
905 400 1168 451 cuinam·
1207 418 1264 452 νι
1986 403 2088 458 323

197 532 329 586 Ven.
377 532 533 586 fratri
552 571 584 584 ..
606 532 626 564 ¹
645 530 1047 599 archiepiscopo
1068 531 1395 596 Narbonen.,
1415 534 1664 597 salutem,
1683 546 1785 587 etc.
1805 569 1872 576 —
1892 536 2088 588 Petitio

111 617 432 668 dilectorum
467 617 701 668 filiorum
732 615 906 666 Caroli
938 614 1150 677 vitalis,
1184 615 1407 667 Antonii
1438 617 1503 667 de
1522 618 1698 684 Bagis,
1722 619 1899 670 Pontii
1916 620 2086 670 Bedo·

58 739 68 746 1·
111 699 195 762 cii,
235 709 292 750 et
334 699 652 767 Raymundi
689 698 961 765 Boquerii,
1004 698 1204 749 civium
1249 700 1574 765 Narbonem,
1616 701 1770 753 nobis
1786 721 1959 768 nuper
1997 720 2086 754 ex·

110 782 284 836 hibita
327 784 646 836 continebat
687 782 835 851 quod
878 781 1006 833 licet
1048 781 1256 832 Blasius
1301 782 1476 835 Boerii
1497 783 1535 846 ²,
1581 784 1711 836 civis
1759 784 2086 848 Narbonem,

110 864 275 918 fuerit
307 876 364 916 et
397 865 469 918 sit
504 866 571 917 de
604 864 883 934 pravitate
918 864 1153 916 heretica
1191 865 1404 930 publice
1439 866 1754 920 diffamatus
1789 879 1846 919 et
1881 878 1975 936 per
2008 870 2086 921 in-

62 1011 63 1014 ,
112 948 397 1020 quisitores
426 949 807 1003 carcassonen.
837 949 932 1016 qui
960 948 1182 999 fuerunt
1211 968 1306 1017 pro
1335 960 1578 1018 tempore
1606 953 1852 1005 nonnulli
1878 971 2087 1020 proces·

53 1081 62 1109 ,ῃ
110 1051 201 1086 sus
236 1033 414 1086 habiti
450 1033 673 1086 fuerunt
710 1043 899 1085 contra
937 1050 1080 1095 eum,
1119 1033 1260 1084 sicut
1297 1045 1611 1101 suspectum
1648 1046 1704 1086 et
1741 1035 2088 1089 diffamatum

64 1133 67 1138 ·
112 1116 324 1185 publice
364 1116 432 1168 de
473 1115 785 1169 huiusmodi
826 1117 1120 1185 pravitate,
1163 1127 1350 1169 tamen
1391 1118 1877 1171 intervenientibus
1921 1121 2087 1187 preci·

62 1255 63 1258 ,
112 1201 229 1264 bus,
246 1201 401 1253 donis
439 1211 497 1253 et
536 1202 867 1264 muneribus,
908 1201 1049 1252 sicut
1087 1201 1143 1252 in
1183 1201 1406 1253 civitate
1452 1200 1756 1254 Narbonen.
1777 1213 1833 1253 et
1863 1204 2087 1255 circum-

66 1320 70 1322 -
111 1283 300 1336 vicinis
342 1285 590 1352 partibus
633 1285 850 1352 publica
891 1284 1039 1336 fama
1083 1284 1265 1346 refert,
1310 1303 1587 1350 processus
1644 1287 1953 1338 huiusmodi
2010 1305 2088 1338 re-

115 1380 431 1420 manserunt
467 1380 523 1421 et
558 1380 844 1422 remanent
881 1369 937 1420 in
974 1386 1254 1435 suspenso,
1294 1386 1402 1419 non
1440 1369 1552 1419 sine
1590 1369 1782 1420 iniuria
1823 1371 2086 1422 catholice

117 1449 242 1504 fidei
272 1462 330 1503 et
362 1453 515 1519 gravi
550 1453 996 1505 Christifidelium
1033 1452 1267 1519 periculo
1302 1463 1358 1501 et
1406 1452 1660 1503 scandalo
1712 1454 2085 1518 plurimorum.

117 1535 291 1600 Quare
332 1537 464 1590 dicti
505 1538 726 1590 Carolus
766 1549 823 1589 et
861 1539 953 1590 alii
994 1537 1148 1588 nobis
1190 1537 1465 1587 humiliter
1506 1537 1880 1603 supplicarunt
1910 1548 1989 1601 ut,
2020 1555 2085 1587 ne

114 1621 455 1687 contagiosus
512 1632 571 1673 et
628 1622 884 1689 pestilens
946 1623 1106 1673 homo
1166 1620 1311 1671 idem
1371 1620 1619 1685 contagio
1679 1639 1774 1670 suo
1820 1620 2086 1686 simplices

118 1702 299 1756 fideles
334 1706 672 1758 contaminet
705 1717 762 1758 et
796 1715 1015 1759 avertat
1050 1723 1082 1756 a
1117 1703 1206 1756 via
1243 1703 1503 1754 catholice
1523 1703 2087 1769 veritatis‚providere

114 1802 273 1853 super
321 1789 422 1839 hoc
472 1789 538 1840 de
589 1799 860 1856 oportuno
909 1787 1146 1839 remedio
1197 1786 1567 1850 dignaremur3
1619 1786 1846 1851 ideoque
1897 1786 2086 1837 frater-

94 1868 280 1924 ‘nitati
312 1882 472 1924 tue...
511 1874 835 1925 mandamus
870 1872 1129 1940 quatinus
1164 1870 1226 1934 si,
1263 1870 1471 1920 vocatis
1507 1870 1652 1920 dicto
1688 1870 1864 1919 Blasio
1882 1880 1937 1919 et
1970 1870 2086 1921 aliis

31 2002 34 2004 ,
97 1953 211 2020 qui
257 1954 459 2007 fuerint
504 1957 786 2020 evocandi,
838 1955 1097 2023 premissa
1147 1953 1414 2004 inveneris
1458 1970 1583 2004 vera
1615 1970 1727 2003 esse
1759 1951 2087 2005 huiusmodi.

114 2034 351 2103 legitime
410 2039 612 2092 habitis
670 2040 901 2093 servatis
961 2037 1298 2106 processibus
1358 2036 1502 2102 quod
1547 2036 1866 2092 canonicum
1926 2035 2088 2085 fuerit

74 2156 84 2165 -
159 2121 446 2174 &ctoritate
474 2134 660 2176 nostra
690 2134 747 2175 et
775 2141 843 2175 ex
872 2121 1045 2175 officio
1076 2132 1172 2171 tuo
1202 2120 1372 2171 etiam
1402 2119 1705 2185 postposita
1724 2118 2086 2185 appellatione

76 2199 388 2269 decernas,
436 2206 639 2260 iaciens
686 2207 834 2275 quod
882 2204 1182 2258 decreveris
1231 2221 1325 2270 per
1356 2220 1639 2253 censuram
1668 2202 2086 2253 ecclesiasticam

119 2295 121 2298 ’
201 2287 341 2341 'ter
374 2291 668 2343 observari.
711 2291 830 2343 Non
867 2289 1215 2342 obstantibus
1250 2289 1403 2352 [etc.].
1441 2314 1509 2322 —
1547 2285 1751 2337 Datum
1815 2283 2087 2348 Avinioni,

53 2379 59 2381 Α
164 2369 263 2423 nis
289 2375 629 2441 septembris,
658 2392 800 2428 anno
829 2375 1056 2429 decimo.

60 2645 61 2650 η
170 2610 213 2658 1.
242 2611 387 2658 Pierre
405 2613 463 2659 de
480 2614 523 2659 la
542 2613 689 2671 Jugie,
709 2614 857 2672 prieur
876 2614 931 2660 de
952 2613 1332 2669 Sainte-Livrade,
1353 2613 1451 2671 puis
1466 2612 1579 2658 abbe
1600 2611 1655 2657 de
1670 2608 2093 2657 saint-scamma*

106 2679 128 2745 ’μ
147 2689 200 2723 ’Ν
238 2682 308 2740 (18
330 2686 441 2728 nont
462 2685 615 2740 1342);
640 2686 756 2729 abbe
779 2688 836 2729 de
858 2686 901 2730 la
926 2686 1101 2740 Grasse,
1126 2687 1177 2728 Ο.
1205 2687 1247 2727 S.
1275 2687 1341 2734 B..
1366 2700 1423 2728 au
1448 2686 1620 2727 diocese
1644 2686 1699 2725 de
1715 2684 2025 2734 carcassonne,
2053 2683 2091 2723 le

64 2748 66 2750 ’
144 2749 321 2797 ‘levrier
337 2754 470 2805 1343;
491 2755 768 2812 archonque
787 2757 843 2799 de
862 2756 1136 2811 Sarragosse,
1156 2756 1197 2799 le
1216 2758 1242 2798 2
1261 2769 1380 2797 mars
1400 2756 1533 2804 1345;
1554 2753 1769 2796 transiere
1789 2755 1814 2793 a
1838 2752 2091 2803 Narbonae,

112 2826 120 2868 :g
177 2821 233 2866 w
252 2822 425 2877 janvier
445 2825 578 2874 13473
601 2833 648 2867 et
669 2826 696 2867 a
719 2825 892 2878 neuen,
916 2826 955 2867 le
977 2826 1030 2868 27
1054 2825 1165 2869 aeut
1186 2825 1318 2874 1375;
1342 2823 1539 2868 cardinal
1561 2824 1623 2864 du
1647 2822 1750 2865 titre
1773 2822 1827 2862 de
1849 2820 2094 2862 Saint-Cle-

83 2886 85 2891 ¹
132 2892 133 2897 ’
204 2898 256 2945 4,
275 2891 317 2935 le
334 2893 390 2935 2⁰
409 2894 641 2937 decembre
662 2896 793 2945 1375;
816 2903 934 2937 mort
954 2895 993 2937 le
1014 2896 1068 2937 19
1088 2895 1330 2937 novembre
1351 2894 1476 2935 1376.
1499 2893 1676 2943 Baluze,
1702 2890 1839 2945 Vitae,
1861 2890 1941 2932 col.
1966 2890 2092 2941 1130,

81 2972 83 2974 '
175 2983 189 2988 >·
214 2975 249 3012 ς
276 2962 385 3004 Gau,
408 2962 569 3018 christ,
593 2972 625 3005 t.
650 2978 713 3017 vt,
735 2965 817 3006 col.
841 2965 987 3015 91-94,
1009 2964 1217 3012 957-958;
1243 2972 1275 3005 t.
1300 2978 1365 3016 xi,
1388 2963 1469 3004 col.
1492 2963 1567 3011 843
1594 2962 1646 3002 U.
1670 2959 1914 3011 Chevalier,
1936 2958 2094 3012 Reper-

229 3043 243 3083 3
278 3030 434 3087 Eubel,
466 3032 606 3087 Hier„
639 3042 673 3076 t.
696 3049 741 3091 J,
784 3049 828 3090 p.
862 3035 932 3089 21,
976 3035 1075 3089 158,
1107 3036 1207 3087 373,
1239 3034 1342 3083 447;
1392 3033 1507 3074 Hine.
1541 3032 1591 3072 de
1635 3030 1903 3083 Languodoc,
1945 3037 1977 3070 t.
2025 3041 2093 3079 ix,

79 3191 94 3207 ’-
127 3168 215 3213 ‘2
244 3164 388 3215 main·
411 3172 572 3230 Boyer,
598 3174 860 3218 cordonnier
884 3176 941 3217 de
958 3176 1209 3228 Narbonae,
1232 3181 1467 3229 comparut
1492 3187 1547 3214 en
1574 3171 1684 3212 1325
1710 3171 1881 3211 devant
1906 3167 2094 3221 l'Inqui·

175 3259 180 3270 ¹
272 3241 329 3283 de
351 3241 650 3288 Garumnae
673 3253 720 3287 et
743 3244 773 3286 il
796 3259 942 3287 avoua
968 3245 1094 3287 avoir
1117 3246 1187 3288 ete
1213 3259 1266 3285 en
1291 3244 1500 3286 relations
1526 3255 1632 3282 avec
1660 3239 1874 3293 plusieurs
1899 3238 1974 3278 des
1998 3233 2091 3284 spi-

139 3307 145 3319 ¹
180 3312 182 3314 ’
220 3309 270 3352 ΙΙ
290 3311 558 3356 condamnet
581 3315 607 3355 ὁ
633 3314 847 3357 Marseille
871 3330 925 3356 en
950 3316 1060 3356 1318
1088 3315 1147 3368 (n.
1174 3315 1242 3365 15,
1269 3322 1371 3354 note
1400 3313 1451 3365 1).
