2540 4354
440 387 541 437 250
826 402 1117 436 nummum
1154 401 1228 433 DE
1263 382 1682 441 L'momsirtort
1728 400 2055 445 ramensis

439 516 642 566 ordinis
671 517 1098 582 predicatorum,
1125 514 1510 580 inquisitorem
1536 514 1772 564 heretice
1799 514 2111 580 pravitatis,
2140 526 2196 565 et
2214 515 2450 567 Alanum

439 601 663 661 Thome,
705 600 949 650 eiusdem
992 599 1213 660 ordinis,
1254 598 1521 648 vicarium
1563 598 1900 664 inquisitoris
1941 598 2183 649 eiusdem
2224 600 2279 650 in
2332 619 2451 666 pro-

435 683 613 734 vincia
655 684 949 744 Turonen.‚
991 702 1058 733 ex
1097 684 1288 743 altera,
1329 701 1491 748 super
1530 682 1805 733 nonnullis
1845 683 2161 733 criminibus
2201 695 2256 733 et
2295 683 2450 734 sorti-

433 768 582 833 legiis
623 786 726 833 que
764 767 820 818 in
857 786 1047 818 necem
1086 768 1366 832 quondam
1408 767 1571 828 Petri,
1611 766 1820 817 domini
1857 768 1922 817 de
1963 768 2264 833 Guergolle,
2315 767 2453 818 eius·

432 853 555 901 dem
611 851 976 917 Corisopiten.
1034 851 1281 912 diocesis,
1337 850 1502 899 iidem
1561 851 1807 900 Herveus
1862 861 1918 900 et
1976 851 2071 900 lvo
2127 851 2452 902 dicebantur

430 936 688 1001 nequiter
738 945 1101 1001 perpetrasse,
1154 935 1303 1001 apud
1357 934 1553 984 Sedem
1603 935 1971 1001 apostolicam
2033 935 2214 986 fuerat
2276 936 2451 986 venti-

429 1022 563 1080 lata,
609 1019 751 1069 sicut
793 1020 974 1070 adhuc
1015 1019 1186 1069 etiam
1214 1018 1559 1080 'ventilatur3
1602 1037 1700 1069 nos
1740 1019 1883 1069 inter
1924 1019 2027 1069 alia
2070 1019 2124 1070 in
2178 1019 2451 1070 dictarum

435 1104 679 1171 partium
724 1104 996 1170 presentia
1041 1103 1228 1153 taliter
1271 1102 1530 1152 duximus
1575 1103 1962 1165 ordinandum,
2006 1103 2261 1154 videlicet
2305 1105 2450 1170 quod

437 1189 764 1239 Guillermus
822 1189 888 1238 de
943 1189 1230 1250 Bemcant‚
1288 1186 1556 1254 presbiter
1610 1187 1855 1237 eiusdem
1914 1190 2147 1238 Leonen.
2207 1189 2451 1250 diocesis,

437 1272 531 1338 qui
574 1273 641 1322 de
684 1272 959 1322 dictorum
1003 1272 1343 1338 inquisitoris
1387 1283 1444 1321 et
1487 1271 1679 1322 vicarii
1723 1275 1856 1336 [etc.,
1901 1291 2096 1322 comme
2139 1291 2210 1322 aa
2255 1279 2316 1322 n⁰
2334 1271 2452 1335 158,

435 1358 570 1407 dans
609 1357 695 1406 des
736 1367 917 1406 termes
956 1359 989 1405 ὰ
1027 1375 1131 1422 peu
1169 1360 1287 1421 pres
1328 1356 1637 1421 identiques,
1677 1355 1918 1422 jusqu’d]
1955 1356 2336 1407 incumberent
2375 1356 2453 1407 fa-

437 1441 645 1491 cienda.
695 1441 972 1506 Vobisque
1018 1459 1112 1507 per
1154 1441 1367 1490 litteras
1412 1451 1629 1490 nostras
1674 1441 1925 1490 dedimus
1970 1441 2024 1491 in
2069 1441 2346 1491 mandatis
2391 1451 2452 1490 ut

432 1544 549 1587 vos,
591 1526 679 1575 vel
718 1526 857 1575 alter
897 1536 1145 1575 vestrum
1187 1528 1319 1589 [etc.,
1362 1543 1556 1575 comme
1595 1543 1668 1574 au
1709 1532 1772 1575 n0
1813 1524 1931 1588 158,
1974 1526 2107 1575 dans
2147 1526 2233 1574 des
2273 1536 2452 1574 termes

431 1613 463 1659 ἀ
502 1628 606 1675 peu
645 1614 764 1675 pres
805 1610 1116 1675 identiques,
1156 1609 1397 1675 jusqu’d]
1436 1627 1532 1675 per
1571 1628 1669 1660 nos
1711 1620 1775 1659 ut
1815 1610 2159 1676 premittitur
2200 1609 2451 1659 ordinata

434 1693 696 1744 curaretis
741 1693 1055 1744 executioni
1099 1693 1283 1743 debite
1329 1694 1679 1744 demandare.
1730 1694 1802 1743 Et
1847 1695 1993 1759 quod
2037 1694 2165 1743 licet
2210 1694 2450 1760 predicte

433 1778 615 1828 littere
655 1778 811 1828 vobis
850 1789 1090 1845 exparte
1129 1789 1315 1829 nostra
1347 1778 1562 1828 fuerint
1599 1788 1931 1845 presentate,
1971 1789 2026 1828 et
2064 1789 2127 1828 ut
2164 1779 2232 1829 ad
2265 1797 2450 1828 eorum

435 1863 818 1914 executionem
877 1863 1243 1930 procederetis
1301 1863 1458 1914 iuxta
1517 1874 1765 1913 tenorem
1823 1863 2068 1930 ipsarum
2127 1882 2220 1930 per
2278 1863 2451 1913 dictos

437 1949 716 1998 Herveum
772 1958 827 1997 et
889 1949 1114 1998 Ivonem
1170 1966 1265 1999 seu
1322 1959 1702 2015 procuratores
1758 1947 2004 2014 ipsorum
2060 1948 2271 1998 fueritis
2330 1965 2451 1996 cum

430 2031 699 2083 instantia
739 2033 1021 2083 humiliter
1058 2033 1326 2099 requisiti,
1364 2051 1461 2084 vos
1499 2044 1689 2083 tamen
1727 2034 1796 2083 ad
1834 2033 2223 2099 premissorum
2260 2051 2453 2082 execu-

431 2117 641 2167 tionem
690 2118 972 2183 hucusque
1022 2136 1130 2167 non
1180 2117 1411 2169 curastis
1461 2119 1771 2184 procedere,
1820 2136 1919 2168 nec
1969 2118 2190 2179 curatis,
2239 2118 2294 2167 in
2341 2136 2449 2167 non

433 2202 710 2253 modicum
762 2202 1038 2253 dictorum
1092 2203 1294 2253 Hervei
1344 2214 1399 2253 et
1454 2203 1638 2254 Ivonis
1689 2215 1744 2253 et
1794 2203 2027 2254 aliorum
2077 2203 2448 2270 predictorum

433 2305 667 2353 quorum
706 2287 938 2338 interest
978 2288 1341 2354 preiudicium
1381 2298 1437 2337 et
1478 2307 1794 2354 gravamen.
1843 2290 2014 2339 Iidem
2056 2306 2274 2354 quoque
2318 2289 2447 2338 Her-

431 2390 563 2422 veus
597 2382 652 2421 et
690 2372 784 2421 Ivo
817 2372 974 2423 nobis
1008 2391 1279 2438 exponere
1314 2384 1648 2424 curaverunt
1682 2374 1828 2438 quod
1862 2373 2232 2439 prenominati
2263 2383 2449 2434 testes,

435 2456 528 2522 qui
559 2475 722 2522 super
765 2457 1002 2508 veritate
1048 2458 1279 2508 dicenda
1325 2459 1395 2509 ad
1439 2476 1727 2510 romanam
1773 2458 1980 2509 curiam
2024 2468 2153 2508 sunt
2197 2457 2448 2518 vocandi,

433 2542 569 2592 adeo
611 2541 1005 2593 immoderatas
1048 2561 1316 2608 expensas
1359 2542 1589 2608 exigunt
1630 2544 1699 2594 ab
1742 2542 1964 2604 eisdem,
2010 2543 2155 2608 quod
2198 2543 2267 2593 ad
2310 2543 2448 2592 solu-

432 2626 639 2675 tionem
691 2627 1010 2677 earumdem
1061 2626 1307 2677 eiusdem
1362 2628 1564 2678 Hervei
1613 2646 1722 2677 non
1773 2628 2084 2678 sufficerent
2134 2628 2443 2678 facultates.

434 2710 698 2773 Quocirca
752 2711 1093 2762 fraternitati
1145 2722 1326 2761 vestre
1380 2729 1474 2777 per
1526 2711 1827 2777 apostolica
1881 2712 2084 2778 scripta
2137 2712 2191 2762 in
2243 2711 2449 2761 virtute

434 2795 743 2845 obedientie
792 2795 1041 2846 districte
1090 2796 1439 2862 precipiendo
1489 2797 1816 2847 mandamus
1867 2797 2127 2862 quatinus
2175 2814 2329 2846 vos...
2379 2794 2446 2845 ad

432 2880 821 2945 premissorum
870 2881 1254 2930 executionem
1304 2881 1597 2947 procedere
1646 2881 1938 2942 studeatis,
1985 2881 2139 2931 iuxta
2180 2879 2448 2946 predicta-

430 2982 552 3013 rum
595 2975 908 3015 nostrarum
951 2983 1113 3030 super
1155 2965 1428 3030 premissis
1472 2964 1628 3015 vobis
1672 2965 2006 3016 directarum
2050 2964 2444 3015 continentiam

431 3048 760 3099 litterarum.
796 3050 867 3098 Et
896 3068 961 3099 ne
992 3050 1126 3099 dicti
1155 3060 1323 3099 testes
1354 3060 1408 3098 et
1439 3049 1531 3100 alii
1559 3050 1628 3100 ad
1658 3050 1890 3100 eandem
1920 3049 2126 3100 curiam
2157 3059 2442 3114 propterea

432 3133 790 3198 personaliter
841 3134 1108 3184 evocandi
1158 3134 1213 3183 in
1263 3134 1541 3199 exigendis
1592 3134 1844 3199 expensis
1897 3134 2186 3200 superfluis
2239 3143 2442 3185 metam

429 3217 661 3267 rationis
706 3219 995 3279 excedant,
1041 3219 1262 3268 easdem
1304 3236 1571 3284 expensas
1616 3219 1906 3279 refrenare,
1955 3218 2224 3270 moderari
2267 3228 2321 3266 et
2364 3227 2444 3266 ta-

433 3319 562 3351 xare
607 3302 833 3366 provide
877 3302 1166 3363 studeatis,
1213 3313 1376 3368 prout
1420 3302 1594 3363 vobis,
1643 3304 1819 3352 Deum
1864 3303 2116 3353 habendo
2175 3321 2265 3367 pre
2323 3319 2444 3350 ocu-

433 3385 515 3446 lis,
555 3386 833 3435 videbitur
868 3387 1143 3451 expedire.
1185 3387 1268 3436 Sic
1307 3405 1401 3435 vos
1440 3387 1493 3435 in
1532 3387 1789 3451 predictis
1829 3388 2092 3437 habentes
2145 3387 2289 3452 quod
2339 3403 2443 3435 non

436 3470 654 3534 possitis
706 3471 771 3519 de
820 3471 1194 3521 inobedientia
1246 3471 1332 3520 vel
1383 3481 1705 3537 contemptu
1757 3489 1918 3536 super
1968 3471 2240 3536 premissis
2283 3469 2442 3520 ratio-

437 3554 692 3602 nalibiter
715 3554 999 3620 increpari.
1026 3555 1235 3605 Datum
1268 3555 1544 3616 Avinioni,
1569 3575 1600 3604 x
1623 3555 1882 3605 kalendas
1902 3555 2034 3616 iulii,
2054 3573 2195 3605 anno
2217 3553 2380 3604 tercio
2406 3550 2440 3602 ¹.

502 3710 540 3749 ’1.
575 3709 681 3749 Voir
703 3710 901 3751 d’autres
925 3712 1190 3751 documents
1214 3725 1289 3751 sur
1311 3718 1429 3751 cette
1451 3712 1595 3750 meme
1619 3710 1787 3762 affaire,
1813 3725 1846 3750 n,
1878 3711 1977 3763 143,
2000 3711 2099 3763 158,
2122 3711 2217 3754 169-
