2540 4354
417 344 516 396 152
818 359 1106 394 BULLAIRE
1143 359 1216 390 DE
1259 338 1675 397 L’INQUISITION
1718 350 2036 392 FRANQAISE

411 476 660 527 assistere
700 474 951 535 consiliis,
992 471 1208 523 auxiliis
1247 481 1302 520 et
1340 469 1624 536 oportunis
1664 467 1944 518 favoribus
1984 486 2080 533 pro
2121 468 2306 520 divina
2361 481 2417 520 et

412 561 709 626 apostolice
742 559 898 609 Sedis
944 554 1250 606 reverentia
1296 555 1519 619 zeloque
1567 553 1709 602 dicte
1760 551 1886 601 fidei
1930 552 2121 616 regalis
2170 553 2415 618 magnifi-

414 644 590 695 centia
634 662 743 693 non
786 642 1030 692 omittat.
1073 667 1143 674 —-
1186 639 1394 688 Datum
1438 634 1712 698 Avinioni,
1758 655 1861 686 v111
1904 635 2024 686 idus
2070 636 2215 699 maii,
2274 655 2415 688 anno

413 727 842 794 quartodecimo.

466 868 506 909 1.
540 868 736 921 Jacques
759 865 820 918 ΙΙ,
843 865 911 908 fils
932 865 986 906 de
1005 863 1188 905 l'infant
1208 861 1415 903 Fernand
1435 863 1490 903 de
1510 861 1762 915 Majorque,
1782 863 1836 903 ne
1857 876 1911 903 en
1931 862 2059 915 1315,
2079 870 2199 905 mort
2219 877 2273 905 en
2291 864 2418 917 1349,

405 939 597 990 succeda
621 938 645 977 a
667 951 748 979 son
771 937 896 978 oncle
919 935 1094 976 Sanche
1116 948 1170 974 en
1192 933 1319 974 1324.
1343 933 1491 986 Lecoy
1515 933 1568 973 de
1590 933 1633 973 la
1655 932 1852 984 Marche,
1872 932 2097 974 Relations
2117 934 2168 975 de
2189 935 2232 975 la
2253 935 2419 976 France

408 1023 505 1050 avec
526 1009 563 1049 le
582 1020 786 1060 royaume
807 1006 858 1047 de
877 1006 935 1046 M
937 1005 1125 1058 ajorque,
1147 1011 1182 1045 t.
1203 1018 1254 1056 11,
1277 1018 1320 1058 p.
1345 1004 1370 1048 4
1393 1017 1459 1055 sq.
1480 1002 1829 1057 Bibliographie,
1849 1003 1961 1045 dans
1982 1003 2228 1056 Chevalier,
2263 1005 2419 1058 Reper-

408 1079 512 1119 toire
535 1078 607 1118 des
630 1090 798 1117 sources
821 1075 1076 1129 historiques
1099 1075 1158 1114 du
1182 1087 1334 1126 moyen
1358 1075 1451 1125 dge,
1475 1071 1916 1125 Bio-bibliographie,
1942 1074 1989 1113 2e
2014 1074 2101 1125 ed„
2125 1075 2206 1115 col.
2234 1075 2359 1115 2320.

467 1150 506 1189 2.
541 1147 647 1188 Voir
670 1163 712 1187 n.
740 1147 887 1198 96-97,
911 1146 995 1186 124
1024 1145 1103 1197 bis,
1128 1145 1228 1196 125,
1253 1144 1335 1184 125
1365 1143 1444 1195 bis,
1470 1143 1570 1195 127,
1594 1143 1676 1183 127
1706 1143 1786 1195 bis,
1810 1143 1893 1183 127
1918 1150 1992 1196 ter,
2016 1143 2099 1184 130
2129 1144 2208 1196 bis,
2234 1145 2315 1185 130
2341 1152 2416 1197 ter,

406 1219 505 1271 132,
531 1217 736 1270 135-136,
763 1217 861 1258 139.

1247 1571 1596 1632 —100—

489 1737 721 1806 Ldpape
744 1739 949 1790 renvoie
973 1742 1005 1789 ἁ
1029 1738 1250 1804 Γρνἒᾳιιε
1273 1738 1332 1788 de
1357 1737 1517 1787 Paris
1542 1736 1560 1767 1
1585 1748 1630 1787 et
1652 1740 1684 1787 ὰ
1709 1736 2067 1803 l’inquisiteur
2090 1738 2149 1787 de
2174 1739 2377 1789 France
2399 1738 2420 1770 ²

412 1827 457 1876 le
488 1824 685 1875 dossier
715 1824 787 1874 du
816 1822 1146 1890 sranciscain
1178 1822 1390 1879 Conrad
1404 1827 1442 1884 3,
1492 1821 1637 1872 ainsi
1670 1840 1764 1887 que
1802 1822 1873 1872 les
1905 1822 2156 1887 opinions
2191 1823 2424 1874 motive'es

411 1910 498 1960 des
538 1907 930 1959 cardinauxde
970 1906 1405 1972 Sainte-Prisque
1445 1904 1467 1934 4
1507 1917 1551 1955 et
1589 1905 1649 1956 de
1688 1896 2106 1955 Saint-Etienne
2160 1926 2231 1956 αιι
2286 1919 2422 1958 mont

413 1993 592 2062 Celius
626 1992 664 2056 ⁵,
699 1993 789 2059 qui
821 2011 885 2042 en
916 2003 1003 2042 ont
1032 1992 1133 2057 fait
1164 1991 1435 2041 l'examen.
1471 1990 1719 2056 L’e'veque
1750 2001 1794 2040 et
1826 1990 2183 2056 l’inquisiteur
2215 1992 2420 2043 dem-ont

412 2078 683 2129 continuer
713 2079 756 2128 le
785 2082 977 2143 proces.
1011 2105 1081 2112 —-
1109 2075 1380 2141 Avignon‚
1413 2075 1478 2126 30
1508 2075 1627 2141 juin
1661 2075 1811 2126 1330.

756 2211 862 2264 Reg.
889 2211 1002 2263 Vat.,
1023 2217 1057 2252 t.
1080 2224 1188 2263 cxv,
1207 2209 1283 2252 fol.
1305 2210 1388 2250 325
1410 2214 1477 2262 νο,
1497 2224 1540 2251 n.
1561 2209 1694 2258 17013
1719 2209 1878 2262 Eubel,
1897 2210 2032 2262 Ball„
2054 2225 2098 2252 n.
2120 2211 2201 2252 857
2227 2209 2291 2265 (in
2310 2210 2423 2264 exa).

491 2334 761 2400 Episcopo
806 2332 1061 2384 Parisien.
1098 2342 1187 2384 et..
1223 2331 1534 2398 inquisitori
1568 2330 1801 2381 heretice
1837 2331 2129 2397 pravitatis
2167 2331 2221 2382 in
2256 2333 2420 2399 parti·

416 2420 516 2470 bus
540 2418 764 2469 Francie
786 2418 1118 2468 auctoritate
1140 2416 1440 2482 apostolica
1463 2418 1750 2481 deputato.
1775 2445 1844 2451 —
1879 2418 2197 2466 Processum
2233 2428 2419 2468 contra

418 2505 797 2555 Conradum...
830 2531 899 2538 —
931 2502 1139 2552 Datum
1171 2499 1446 2564 Avinioni,
1479 2521 1520 2551 11
1553 2501 1813 2551 kalendas
1842 2499 1976 2564 iulii,
2009 2519 2152 2552 anno
2201 2512 2418 2568 quarto-

414 2588 642 2640 decimo.

469 2744 511 2786 1.
545 2743 731 2797 Hugues
762 2743 816 2783 de
846 2742 1094 2794 Besancon,
1124 2756 1168 2782 n.
1199 2742 1270 2794 92,
1300 2748 1408 2783 note
1437 2740 1480 2783 1.

470 2816 510 2856 2.
542 2813 719 2855 Aubert
744 2813 798 2853 de
824 2812 1034 2864 Chfflons,
1059 2827 1102 2853 n.
1130 2813 1201 2864 89,
1226 2819 1333 2853 note
1359 2812 1399 2853 2.

466 2886 508 2926 3.
541 2883 649 2925 Voir
671 2898 716 2925 n.
742 2884 812 2935 92,
837 2889 944 2925 note
968 2884 1009 2924 2.

468 2955 510 2996 4.
543 2954 739 3008 Jacques
768 2952 999 3006 Pom-nior,
1025 2968 1069 2995 n.
1098 2953 1169 3006 24,
1195 2960 1303 2995 note
1329 2953 1371 2995 1.

468 3025 510 3070 5,
543 3024 690 3067 Pierre
715 3025 771 3066 de
795 3023 1078 3076 Mortemart,
1104 3038 1148 3066 n.
1174 3024 1247 3076 46,
1271 3031 1379 3066 note
1403 3024 1445 3066 4.

1235 3383 1582 3465 -,101-

508 3549 553 3598 A
602 3549 810 3598 Geraud
843 3549 902 3598 de
938 3549 1185 3613 Capmul,
1224 3549 1432 3598 chanlre
1467 3548 1527 3597 de
1563 3548 1740 3611 Paris,
1778 3568 1869 3597 sm·
1904 3550 1947 3598 Ie
1985 3552 2143 3598 meme
2179 3547 2327 3612 objet.
2365 3572 2428 3580 ·-

423 3632 692 3698 Avignon,
730 3633 795 3683 30
830 3632 947 3697 juin
986 3633 1135 3682 1330.

761 3765 866 3817 Reg.
898 3765 1011 3818 Vat„
1038 3772 1071 3807 t.
1100 3779 1206 3817 CXV,
1232 3765 1308 3807 fol.
1335 3766 1418 3808 325
1446 3770 1512 3818 νο,
1538 3781 1582 3807 n.
1608 3766 1735 3808 1703.
