2540 4354
877 387 1089 421 annon·
1128 371 1232 424 xm
1929 372 2031 423 475

111 500 154 577 ⁶
221 512 269 554 ot
300 502 355 552 la
386 500 556 552 sainte
597 500 798 566 Vierge,
834 502 997 552 αννὲιέ
1030 521 1128 568 par
1159 505 1293 555 suite
1326 517 1371 555 et
1403 504 1603 555 soumis
1636 508 1669 555 ὰ
1716 524 1816 556 une
1861 508 2031 571 ρνοσέ·

164 580 618 650 d’Inquisiu'on.
663 583 722 634 L’
729 588 911 634 ασσιιεέ
951 597 1167 649 prote-ste
1207 589 1267 637 de
1307 607 1386 637 ses
1415 589 1717 638 sentimenta
1757 589 2028 648 σῆνέιίσηε,

83 667 208 723 ''ds’t
235 666 522 732 camelique
547 666 743 732 fervent
769 677 815 716 et
843 667 1164 733 pratiquant.
1196 671 1455 721 -Saint·
1463 671 1648 721 Victor
1663 672 1727 722 de
1748 670 2030 732 Marseille‚

101 748 332 817 juillet
374 750 526 802 1407.

391 881 497 936 Rog.
520 876 674 934 Anu„
697 889 730 924 t.
755 894 952 923 cccxxv·
961 896 992 934 1,
1015 883 1090 925 fol.
1114 884 1210 925 736.

98 990 347 1068 {milectis
379 999 498 1051 filiis
528 999 794 1051 ,Iohannis
826 1000 943 1065 (sic)
975 1001 1192 1067 Fayditi
1219 1013 1273 1052 et
1303 1003 1564 1054 Johannis
1596 1004 1711 1069 (sic)
1739 1005 1804 1054 de
1831 1004 2030 1064 Borno,

115 1082 323 1136 nonicis
385 1084 714 1145 Narbonem,
785 1085 1038 1144 salutem,
1108 1096 1212 1135 etc.
1284 1114 1350 1120 —
1420 1085 1638 1136 Exibita
1708 1085 1861 1136 nobis
1932 1104 2027 1150 pro

118 1194 125 1216 ι
208 1155 210 1157 ’
232 1166 419 1218 dilecti
451 1165 546 1218 filii
577 1167 832 1235 Arnaudi·
854 1168 1111 1229 Pastoris,
1142 1170 1208 1219 de
1240 1169 1434 1220 Caunis
1473 1169 1508 1231 ¹,
1552 1168 1673 1219 laici
1719 1169 2029 1223 Narbonen.

102 1249 294 1318 dois,
327 1248 520 1316 petitio
556 1249 876 1301 continebat
911 1254 1055 1317 quod
1090 1251 1345 1318 licetipse
1379 1253 1524 1303 nulla
1541 1268 1757 1318 prorsus
1787 1269 2031 1317 unquam

111 1331 217 1384 rit
262 1333 384 1385 labe
435 1332 670 1384 heretice
722 1333 1013 1399 pravitatis
1062 1352 1351 1401 respersus,
1403 1347 1501 1386 aut
1548 1354 1709 1401 super
1740 1337 1839 1386 hoc
1880 1336 2026 1400 apud

110 1430 220 1468 v·os
257 1426 315 1467 et
353 1433 543 1482 graves
581 1415 892 1482 aliqualiter
930 1417 1245 1478 infamatus,
1287 1429 1472 1470 tamen
1510 1417 1782 1470 nonnullis
1820 1415 2029 1469 emullis

113 1527 118 1543 ι
185 1508 244 1549 et
271 1498 502 1551 inimicis
533 1499 858 1566 capitalibus
890 1500 1088 1550 dilecto
1124 1501 1229 1551 filio
1267 1504 1423 1551 Petro
1453 1504 1519 1552 de
1552 1500 1812 1553 Matriolis
1836 1501 1872 1561 2,
1893 1499 2031 1551 ordi-

109 1588 134 1642 J
162 1581 395 1634 fratrum
428 1582 831 1647 predicatorum
863 1584 1169 1648 professori,
1202 1584 1294 1649 qui
1324 1604 1376 1634 se
1409 1585 1544 1648 gerit
1574 1603 1668 1649 pro
1712 1583 2028 1649 inquisitore

102 1677 123 1725 J
163 1664 286 1718 tice
343 1665 634 1731 pravitatis
688 1666 746 1717 in
797 1684 962 1730 regno
1020 1667 1240 1718 Francie
1297 1686 1388 1731 per
1444 1669 1632 1718 Sedem
1671 1666 2027 1732 apostolicam

113 1767 117 1789 ‚r
162 1750 366 1814 ·utato)
411 1749 546 1800 falso
589 1749 1000 1814 suggerentibus
1047 1751 1190 1814 quod
1235 1750 1382 1801 idem
1423 1750 1710 1800 Arnaudus
1758 1751 1930 1799 Deum
1971 1760 2028 1799 et

172 1831 341 1883 ’osam
397 1833 618 1884 beatam
675 1832 901 1884 Mariam
960 1833 1250 1897 Virginem,
1315 1843 1537 1884 matrem
1586 1832 1803 1882 Domini
1854 1831 2028 1882 nostri

167 1914 468 1980 u-AChristi,
500 1916 923 1967 blasfemaverat
940 1927 995 1966 et
1028 1917 1286 1967 nonnulla
1304 1918 1468 1969 verba
1503 1927 1689 1969 contra
1725 1915 2029 1984 Deispoten·

157 2026 179 2043 ἰ
206 1994 291 2054 ‘ac
327 1998 627 2066 puritatem
663 2000 907 2051 eiusdem
946 2001 1104 2051 beate
1144 2000 1306 2051 Marie
1339 2010 1537 2050 temere
1556 2000 1873 2065 protulerat,
1912 2017 2027 2064 pre-

133 2108 160 2120 ⁴·
177 2098 203 2134 s
226 2081 519 2150 inquisitor
546 2083 639 2150 qui
665 2082 720 2134 in
747 2082 974 2134 civitate
1004 2082 1415 2135 carcassonensi
1443 2082 1801 2135 communiter
1821 2098 2026 2132 moram

125 2162 227 2216 'ft
266 2165 336 2217 ad
379 2166 575 2218 falsam
618 2166 1019 2232 suggestionem
1064 2164 1373 2217 huiusmodi
1403 2176 1668 2231 exarupto
1702 2165 1837 2231 (sic),
1879 2166 2025 2215 nulla

112 2246 178 2290 ’-
256 2249 521 2316 suggestis
566 2248 696 2316 ipsis
742 2248 1049 2315 cognitione
1095 2249 1398 2315 prehabita‚
1447 2266 1719 2315 qucquam
1766 2248 1881 2312 (sic)
1928 2247 2030 2299 sibi

124 2332 418 2400 ’suggestis
453 2332 583 2400 ipsis
617 2333 964 2400 aliquatenus
1001 2351 1109 2384 non
1145 2343 1617 2399 constaret‚prout
1651 2350 1747 2384 nec
1784 2342 2028 2383 constare

136 2467 138 2471 ,
169 2424 291 2478 rat,
326 2434 451 2468 cum
486 2435 549 2472 ca
585 2433 695 2468 non
730 2428 911 2468 esscnt
948 2416 1160 2467 notoria
1199 2435 1372 2481 neque
1410 2418 1803 2477 vera,eundem
1826 2416 2035 2467 Arnau-

127 2490 173 2543 ἰ·
201 2493 279 2561 in
318 2499 467 2551 dicta
507 2492 734 2551 civitate
772 2510 1049 2565 repertum
1089 2499 1381 2550 arrestavit
1419 2510 1475 2549 et
1525 2518 1649 2549 eum
1701 2509 2028 2551 arrestatum

124 2633 137 2644 ,γ
161 2578 299 2633 'octo
328 2581 441 2634 dies
471 2584 557 2634 vel
586 2582 724 2635 circa
756 2584 951 2643 tenuit,
973 2600 1033 2632 ac
1051 2585 1336 2634 nonnullos
1367 2601 1645 2648 processus
1675 2593 1860 2632 contra
1878 2599 2027 2631 eum-

119 2704 129 2729 4
161 2697 164 2706 ι
207 2665 549 2727 Amandum,
581 2666 695 2732 ipso
726 2667 796 2717 ad
829 2667 930 2716 hoc
963 2666 1137 2717 minus
1168 2666 1405 2730 legitime
1423 2676 1668 2728 evocato,
1702 2663 1828 2715 fecit
1857 2673 1911 2712 et
1943 2681 2028 2713 co·

141 2751 220 2800 ἰιι
254 2747 358 2800 fuit
391 2767 516 2800 eum
551 2767 776 2816 gravare
809 2760 865 2798 et
899 2749 1293 2815 dampnificare
1327 2748 1381 2799 in
1415 2766 1639 2813 persona
1674 2759 1728 2798 et
1776 2746 1927 2797 bonis
1974 2745 2028 2797 in

122 2830 221 2884 ’νο
260 2830 501 2884 eiusdem
547 2832 792 2884 Arnaudi
848 2832 1206 2899 preiudicium
1249 2842 1303 2879 ct
1348 2833 1487 2881 lame
1532 2830 1695 2896 ipsius
1751 2830 2026 2880 lesionem·

144 2939 147 2946 “
178 2929 235 2966 te
263 2931 360 2981 pro
389 2925 546 2982 parte
573 2914 743 2981 ipsius
773 2915 1036 2975 Arnaudi,
1068 2914 1177 2980 qui,
1211 2926 1270 2965 ut
1298 2913 1588 2973 asserit,ut
1606 2930 1762 2964 verus
1778 2923 1834 2963 et
1853 2911 2026 2964 fidelis

146 3007 163 3013 “
216 2995 399 3060 ‘nus,
446 2998 620 3050 Deum
663 2997 879 3059 timens,
935 3014 1060 3048 eum
1099 3008 1157 3047 et
1211 2999 1429 3051 beatam
1487 2995 1710 3047 Mariam
1763 2994 2028 3060 virginem

130 3069 357 3151 fetam
401 3098 468 3135 ac
512 3080 647 3133 alios
696 3092 915 3136 sanctos
966 3081 1065 3132 Dei
1110 3098 1322 3147 semper
1366 3080 1421 3130 in
1468 3078 1767 3131 reverentia
1818 3076 2029 3139 habuit,

157 3170 229 3215 't'
271 3163 455 3227 habet,
512 3164 913 3231 frequentando
966 3163 1237 3226 ecclesias,
1292 3162 1477 3214 divina
1535 3161 1705 3213 officia
1741 3159 2029 3223 audiendo,

182 3244 465 3314 tionesque
500 3247 769 3312 faciendo,
804 3267 1013 3300 necnon
1049 3247 1203 3297 annis
1239 3245 1460 3310 singulis
1495 3263 1590 3295 sua
1627 3254 1848 3311 peccata
1869 3244 2033 3294 confi·

131 3324 174 3385 {-
193 3344 224 3379 o
250 3338 308 3382 et
337 3329 669 3396 corrigendo,
700 3349 763 3383 ac
791 3330 1063 3397 religiosos
1094 3330 1462 3381 mendicantes
1493 3328 1547 3379 in
1576 3329 1736 3380 domo
1765 3345 1860 3379 sua
1901 3326 2035 3377 reci-

124 3412 130 3416 ’
167 3449 168 3453 ,
198 3427 255 3462 o
289 3423 346 3464 et
381 3432 411 3466 a
448 3412 642 3507 viginti
676 3414 832 3466 annis
871 3414 1004 3467 citra
1044 3413 1298 3464 continue
1342 3421 1629 3479 reputatus
1671 3410 1775 3460 fuit
1791 3427 1929 3460 unus
1966 3410 2033 3462 de

190 3492 411 3547 foribus
437 3494 563 3548 viris
585 3507 643 3548 et
680 3497 922 3564 pluribus
963 3495 1169 3548 vicibus
1208 3496 1394 3546 consul
1430 3493 1563 3546 dicti
1595 3492 1700 3544 loci
1734 3494 1800 3544 dc
1837 3491 2032 3547 Caunis

135 3570 480 3645 parochialis
519 3580 740 3631 ecclesie
779 3579 947 3647 ipsius
988 3579 1091 3631 loci
1131 3578 1462 3631 consiliarius
1501 3588 1555 3627 et
1597 3574 1869 3642 operarius
1911 3575 2033 3636 fuit,

32 3718 37 3730 ⁸.
219 3661 445 3713 -extitit
489 3662 765 3714 humiliter
807 3662 1175 3730 supplicatum
1223 3671 1282 3711 ut
1328 3659 1607 3726 providere
1626 3657 1727 3710 sibi
1756 3675 1916 3725 super
1934 3659 2034 3709 hoc

31 3759 122 3971 k
133 3731 515 3811 benignitate
569 3745 869 3814 apostolica
923 3745 1286 3811 dignaremur.
1345 3743 1482 3794 Nos
1507 3740 1669 3808 igitur
1723 3739 2032 3792 huiusmodi

4 2085 129 2117 sss

17 2922 29 3019 ἒ

20 3066 30 3180 Ξ

35 3926 146 4107 ζ’
