2540 4354
514 339 618 393 368
902 353 1191 388 BULLMRE
1234 351 1310 386 DE
1352 337 1771 395 L'INQUISITION
1814 355 2133 402 FRANcAlsE

507 473 765 541 perduxit
793 471 986 522 relatio
1021 469 1293 534 fidedigna
1327 470 1474 534 quod
1504 470 1712 521 nobiles
1743 471 1847 522 viri
1875 474 2007 536 [etc.,
2041 484 2095 524 ut
2122 493 2290 540 supra
2307 495 2356 528 n.
2390 477 2514 547 246]

506 575 639 623 quos
683 567 953 620 tanquam
999 555 1065 604 de
1109 553 1347 604 heretica
1390 554 1515 604 labe
1559 565 1858 620 suspectos,
1904 567 1985 619 tu,
2031 557 2200 609 frater
2245 561 2510 629 episcope,

502 643 568 692 de
612 651 799 692 nostro
846 639 1112 690 mandato
1159 649 1310 687 tenes
1358 638 1662 688 carceribus
1711 640 2071 707 mancipatos,
2119 643 2185 692 de
2205 645 2508 711 sortilegiis,

501 724 782 777 adulteriis
834 735 890 772 et
943 722 1248 772 homicidiis
1301 722 1355 771 in
1408 740 1665 788 personas
1718 725 2109 776 ecclesiasticas
2164 731 2510 794 perpetratis,

500 828 710 860 necnon
746 809 811 858 de
845 807 1108 857 incendiis
1144 818 1199 855 et
1234 806 1626 857 violationibus
1675 808 2043 872 ecelesiarum,
2094 830 2156 862 ac
2206 813 2271 862 de
2307 815 2507 880 stupris

497 892 998 945 sanctimonialium
1045 902 1101 941 et
1148 890 1264 941 aliis
1313 890 1539 940 diversis
1588 892 1857 957 sacrilegis
1907 893 2242 959 criminibus,
2277 914 2505 963 quorum

497 978 732 1042 cognitio
774 977 843 1028 ad
883 975 1311 1028 ecclesiasticum
1353 975 1532 1025 forum
1574 976 1875 1027 dinoscitur
1916 979 2203 1044 pertinere,
2235 981 2290 1032 in
2331 982 2503 1034 diver·

495 1064 563 1113 sis
612 1062 741 1112 locis
792 1061 1104 1112 Narbonen.
1155 1071 1211 1110 et
1259 1060 1549 1112 Tholosan.
1601 1061 1879 1112 diocesum
1926 1074 1982 1113 et
2000 1064 2424 1129 provinciarum,
2442 1086 2503 1119 ac

494 1147 705 1198 Albion.
753 1157 810 1197 et
856 1146 1098 1197 Castren.
1148 1145 1426 1196 diocesum
1473 1145 1772 1197 commissis
1805 1158 1934 1197 sunt
1953 1148 2167 1213 publice
2213 1150 2501 1215 diffamati,

494 1251 590 1282 nos
633 1231 864 1296 igitur...
912 1230 1228 1281 discretioni
1270 1241 1451 1280 vestre
1494 1241 1682 1281 tenore
1725 1232 2064 1297 presentium
2107 1234 2500 1288 committimus

491 1327 546 1365 et
587 1317 914 1366 mandamus
956 1315 1287 1380 quatinus...
1330 1315 1396 1364 de
1435 1314 1662 1366 infamia
1732 1315 2048 1367 huiusmodi
2100 1317 2389 1371 criminum
2439 1330 2493 1371 et
2529 1334 2532 1339 '

491 1400 686 1451 deinde
724 1401 789 1450 de
827 1399 1062 1450 veritate
1101 1399 1346 1465 ipsorum
1384 1400 1720 1451 auctoritate
1757 1411 1947 1452 nostra
1985 1400 2299 1467 diligentius
2319 1403 2495 1471 inqui-

489 1487 623 1537 ratis
657 1505 719 1537 ae
753 1486 970 1537 faciatis
1003 1485 1216 1535 iusticie
1251 1487 1736 1551 complementum.
1775 1485 1897 1537 Non
1930 1488 2189 1538 obstante
2210 1489 2355 1553 quod
2374 1488 2491 1551 tibi,

476 1571 657 1622 'frater
705 1571 974 1636 episcope,
1026 1580 1082 1620 et
1130 1571 1329 1620 dilecto
1381 1570 1544 1620 filio..
1593 1570 1906 1636 inquisitori
1938 1571 2173 1621 heretice
2206 1572 2492 1638 pravitatis

486 1655 541 1705 in
588 1655 838 1721 partibus
888 1655 1219 1707 Carcassone
1266 1654 1426 1704 hodie
1474 1655 1792 1705 duxerimus
1840 1656 2302 1707 committendum
2350 1657 2491 1724 quod

484 1758 647 1806 super
685 1740 921 1805 graviori
958 1740 1200 1803 crimine,
1239 1739 1496 1790 videlicet
1533 1740 1752 1803 heresis,
1793 1751 1982 1792 contra
2022 1742 2272 1808 captivos
2311 1742 2488 1794 huius-

485 1825 633 1875 modi
664 1824 1000 1890 procedatis3
1034 1825 1464 1878 contradictores
1510 1826 1663 1890 [ete.].
1698 1853 1767 1860 —
1814 1825 2021 1877 Datum
2068 1837 2130 1876 ut
2175 1845 2355 1892 supra.

1307 2226 1654 2287 —250—

551 2393 799 2458 L'e'veque
840 2391 899 2442 de
942 2391 1303 2442 Carcassonne
1345 2390 1499 2451 reeoit
1542 2388 1594 2439 la
1634 2389 2114 2440 recommandation
2155 2408 2388 2456 expresse
2426 2389 2484 2441 de

476 2478 697 2545 prendre
743 2487 904 2527 toutes
953 2476 1022 2525 les
1073 2494 1298 2525 mesures
1349 2474 1662 2524 neeessaires
1709 2474 1824 2540 afin
1870 2474 2190 2540 d'empecher
2236 2473 2481 2525 l’e'vasion

474 2582 541 2612 ou
571 2563 622 2612 la
653 2561 781 2611 mise
810 2580 874 2611 en
903 2560 1080 2610 liberte
1109 2559 1195 2609 des
1225 2570 1335 2625 sept
1364 2558 1502 2624 chef-s
1531 2559 1591 2608 de
1625 2559 1817 2609 bandes
1839 2558 1876 2610 1.
1908 2587 1978 2595 -—
2005 2559 2275 2624 Avignon‚
2309 2558 2372 2609 19
2399 2575 2480 2608 oc-

473 2649 629 2698 tobre
667 2646 819 2696 1364.

833 2779 938 2833 Reg.
969 2779 1083 2833 Vae„
1108 2786 1142 2821 t.
1169 2792 1353 2832 ccxzv1,
1377 2778 1453 2820 fol.
1479 2779 1584 2828 373;
1609 2778 1890 2832 Lecacheux,
1911 2791 1982 2832 op.
2008 2777 2096 2832 cit„
2120 2793 2164 2819 n.
2189 2777 2301 2819 1314
2323 2774 2479 2836 (anal.)

544 2910 675 2960 Ven.
697 2908 855 2959 fratri
875 2907 907 2957 J
913 2907 1134 2970 ohanni,
1154 2906 1408 2972 episcopo
1429 2906 1834 2967 Carcassonen.,
1856 2907 2110 2969 salutem,
2131 2915 2235 2957 etc.
2259 2935 2324 2944 —
2340 2903 2471 2954 Cum

470 3005 565 3045 tua
600 2992 917 3045 fraternitas
952 2992 1159 3042 nobiles
1194 2991 1338 3042 viros
1372 2993 1504 3055 [etc.,
1542 3001 1596 3040 ut
1628 3008 1796 3056 supra
1829 3009 1878 3041 n.
1915 2989 2041 3056 246]
2059 2989 2154 3056 qui
2171 2989 2391 3039 fuerunt
2407 2985 2471 3036 de

468 3079 914 3143 dampnabilibus
951 3075 1224 3126 comitivis
1261 3077 1324 3125 de
1362 3075 1600 3126 heretica
1636 3075 1914 3140 pravitate
1950 3085 2250 3141 suspectos,
2287 3081 2467 3123 contra

470 3181 603 3228 quos
636 3174 697 3211 tu
730 3172 785 3211 et
818 3161 1048 3210 dilectus
1085 3160 1276 3210 filius..
1312 3159 1670 3225 inquisitor...
1693 3159 1986 3224 inquisitis,
2021 3159 2265 3209 detineas
2296 3171 2467 3207 carce-

466 3258 632 3308 ratos,
691 3264 787 3296 nos
845 3244 1253 3295 considerantes
1311 3244 1457 3309 quod
1515 3243 1741 3309 quidam
1798 3253 2051 3309 potentes
2108 3240 2291 3294 conati
2342 3245 2465 3290 sunt

467 3333 730 3382 hactenus
758 3341 813 3379 et
840 3329 944 3395 ipsi
970 3330 1056 3379 vel
1075 3329 1165 3380 alii
1185 3328 1369 3379 conari
1396 3338 1620 3394 possent
1647 3327 1878 3379 forsitan
1919 3328 1974 3379 in
2016 3327 2265 3377 futurum
2297 3323 2472 3380 dictos,

464 3417 691 3465 liberare
723 3413 990 3479 captivos,
1022 3413 1149 3463 licet
1179 3413 1244 3462 de
1275 3423 1370 3463 tua
1403 3411 1692 3476 vigilancia
1723 3411 1778 3462 in
1810 3412 1909 3461 hiis
1941 3422 1995 3461 et
2026 3411 2141 3462 aliis
2161 3410 2461 3461 nullatenus

465 3499 780 3559 hesitemus,
828 3507 890 3546 ut
935 3507 1123 3548 tamen
1169 3507 1330 3548 tanto
1377 3496 1446 3547 ad
1493 3495 1807 3544 huiusmodi
1853 3495 2161 3546 custodiam
2207 3488 2458 3542 solicitius

463 3583 531 3632 sis
567 3593 835 3642 attentus,
874 3591 1083 3646 quanto
1120 3581 1188 3631 ad
1224 3582 1325 3631 hoc
1359 3598 1454 3646 per
1487 3597 1584 3630 nos
1619 3579 1783 3629 fueris
1801 3578 2343 3641 excitatus,eandem
2362 3573 2461 3622 fra·
2539 3572 2540 3593 ³

462 3668 781 3717 ternitatem
819 3666 1164 3731 presentibus
1200 3667 1560 3715 exhortamur
1597 3663 1923 3714 mandantes
1961 3663 2219 3729 quatinus
2253 3657 2459 3709 eosdem
2535 3680 2538 3714 ς

463 3750 709 3815 captivos
758 3750 812 3798 in
861 3749 968 3798 tuis
1018 3749 1321 3798 carceribus
1369 3747 1787 3813 episcopalibUS,
1835 3748 1878 3796 si
1913 3748 2115 3797 ibidem
2162 3747 2302 3811 ipsos
2348 3747 2461 3788 tute
