2540 4354
399 357 500 407 216
789 369 1079 402 nunnius
1120 369 1195 400 nn
1237 348 1658 409 L’mouisi‘ron
1700 365 2019 410 murteum

395 489 550 540 sitati
611 485 904 547 subiectus,
967 502 1028 534 ac
1077 483 1255 534 dictus
1303 482 1586 549 episcopus
1635 480 1826 531 fuisset
1874 479 2090 533 interim
2139 487 2203 535 de
2250 489 2407 540 rebus

398 572 652 623 humanis
705 579 1016 635 exemptus,
1067 567 1222 617 nobis
1275 567 1473 616 devote
1525 584 1586 615 ac
1637 565 1914 615 humiliter
1963 569 2297 634 supplicavit
2346 583 2408 622 ut

395 675 557 723 super
594 653 868 722 premissis
907 651 1193 718 providere
1232 650 1335 700 sibi
1371 650 1444 699 sic
1481 650 1689 700 nudato
1727 659 1782 699 et
1818 650 1971 701 bonis
2009 655 2402 719 temporalibus

395 739 597 808 egenti,
633 757 756 788 cum
791 738 906 797 hec,
940 735 1084 786 sicut
1117 734 1327 795 asserit,
1362 735 1496 785 adeo
1531 733 1640 782 sint
1673 734 1886 784 notoria
1922 737 2067 800 quod
2099 738 2246 789 nulla
2281 758 2398 806 pos-

395 835 526 877 sunt
565 820 1019 889 tergiversatione
1060 819 1238 880 celari,
1282 819 1346 868 de
1386 817 1553 884 ipsius
1597 817 1746 867 Sedis
1789 819 2075 870 clementia
2113 822 2407 874 misericor·

397 910 542 961 diter
584 907 950 973 dignaremur.
997 903 1133 967 Quia
1177 903 1342 968 igitur
1384 901 1511 952 iuris
1554 902 1826 966 exigentia
1871 905 2118 969 postulat
2160 917 2222 956 ut
2263 909 2407 973 quis-

397 994 516 1059 quis
558 991 871 1058 patefacere
909 989 1096 1038 volens
1135 1006 1290 1038 suam
1327 986 1699 1036 innocentiam
1739 987 2127 1053 susceptricem
2165 990 2409 1044 inveniat

395 1077 607 1127 iustitie
650 1076 891 1134 ianuam,
935 1091 1033 1122 nec
1075 1071 1247 1139 possit
1290 1070 1602 1137 calumpnia
1644 1071 1940 1137 prevalere,
1984 1091 2079 1123 nos
2124 1076 2192 1123 ob
2234 1076 2407 1127 zelum

396 1161 563 1228 ipsius
623 1158 849 1219 iustitie,
907 1156 1221 1207 huiusmodi
1277 1154 1770 1222 supplicationibus
1830 1168 2154 1219 annuentes,
2214 1159 2405 1210 discre-

397 1246 536 1296 tioni
574 1254 754 1293 vestre
793 1260 887 1308 per
924 1240 1224 1307 apostolica
1263 1239 1465 1305 scripta
1505 1240 1833 1290 mandamus
1873 1241 2131 1305 quatinus
2169 1261 2284 1304 vos,
2322 1246 2407 1295 vel

398 1332 528 1390 duo,
569 1338 665 1379 aut
704 1346 844 1376 unus
881 1336 1146 1386 vestrum,
1184 1342 1279 1390 per
1313 1342 1430 1385 vos,
1466 1325 1554 1373 vel
1589 1323 1774 1387 alium,
1812 1343 1905 1375 seu
1941 1324 2091 1387 alios,
2127 1329 2407 1378 venerabi-

401 1415 506 1464 lem
548 1413 775 1462 fratrem
815 1420 1064 1461 nostrum
1107 1409 1343 1458 Alanum
1367 1405 1406 1469 ⁸,
1447 1407 1764 1475 episcopum
1805 1408 2182 1476 Corisopiten.,
2222 1429 2406 1478 supra-

399 1498 532 1548 dicti
596 1496 755 1547 Alani
817 1495 1129 1561 proximum
1192 1511 1554 1543 successorem
1619 1504 1673 1542 et
1734 1491 2082 1559 inquisitores
2146 1496 2404 1561 prefatos,

397 1600 610 1632 necnon
643 1599 830 1630 omnes
865 1579 996 1629 alios
1032 1578 1123 1643 qui
1156 1597 1252 1628 sua
1287 1577 1615 1627 crediderint
1645 1577 1903 1628 interesse
1937 1596 2004 1628 ex
2035 1590 2190 1644 parte
2222 1591 2406 1632 nostra

400 1665 766 1734 peremptorie
813 1664 980 1714 citare
1025 1663 1241 1724 curetis,
1287 1673 1349 1712 ut
1391 1662 1531 1712 infra
1577 1664 1808 1712 duorum
1854 1663 2122 1713 mensium
2167 1665 2407 1731 spatium

399 1762 525 1818 post
566 1749 889 1800 citationem
927 1747 1241 1799 huiusmodi
1280 1747 1484 1798 Alanus
1524 1747 1827 1814 episcopus,
1868 1767 1961 1813 per
1999 1766 2052 1798 se
2092 1750 2179 1798 vel
2217 1768 2404 1815 procu-

398 1846 638 1886 ratorem
689 1835 985 1901 ydoneum,
1037 1834 1080 1883 si
1129 1851 1225 1883 sua
1280 1832 1567 1882 crediderit
1617 1832 1893 1894 interesse,
1946 1852 2006 1882 ac
2057 1833 2408 1898 inquisitores

400 1920 676 1986 predictos
721 1937 882 1985 super
925 1918 1177 1968 omnibus
1220 1927 1275 1967 et
1318 1916 1540 1981 singulis
1583 1917 1912 1983 supradictis
1970 1918 2299 1968 sufficienter
2354 1929 2407 1968 et

402 2005 640 2071 plenarie
682 2003 984 2064 informati,
1027 2013 1082 2051 et
1126 2021 1249 2052 cum
1292 2001 1518 2068 prefatis
1563 2002 1928 2067 processibus3
1971 2021 2195 2052 necnon·
2225 2021 2408 2054 omnes

400 2089 510 2150 alii,
560 2089 652 2154 qui
698 2099 759 2138 ut
805 2088 1103 2154 predicitur
1148 2106 1244 2137 sua
1292 2086 1620 2136 crediderint
1664 2086 1940 2148 interesse,
1988 2106 2110 2138 cum
2158 2088 2407 2139 omnibus

400 2173 555 2235 actis,
599 2174 827 2234 iuribus,
871 2183 926 2222 et
969 2171 1325 2223 munimentis
1370 2171 1478 2221 suis
1523 2173 1591 2222 ad
1636 2171 1843 2222 dictum
1887 2173 2167 2237 negotium
2210 2172 2408 2222 facien-

399 2258 547 2308 tibus
605 2257 965 2325 personaliter
1021 2257 1340 2323 conspectui
1397 2256 1696 2323 apostolico
1754 2274 1807 2306 se
1865 2267 2205 2323 presentent;
2263 2257 2407 2323 parti

404 2343 537 2392 dicti
575 2341 777 2393 Hervei
810 2361 970 2409 super
1003 2342 1076 2392 eis
1112 2342 1175 2391 de
1210 2341 1419 2391 iustitia
1452 2341 1780 2408 responsuri,
1816 2360 1877 2391 ac
1924 2341 2124 2392 facturi
2159 2351 2224 2391 -et
2269 2357 2408 2390 rece-

407 2426 558 2492 pturi
583 2444 745 2493 super
771 2427 873 2477 illis
903 2427 1048 2492 quod
1075 2425 1286 2477 iustitia
1318 2426 1588 2478 suadebit.
1613 2426 1768 2477 Diem
1787 2445 1914 2476 vero
1935 2425 2208 2476 citationis
2230 2425 2408 2475 huius-

401 2511 549 2562 modi
595 2522 651 2561 et
695 2512 931 2563 formam
979 2521 1033 2560 et
1082 2511 1341 2576 quicquid
1390 2529 1550 2577 super
1597 2510 1854 2576 predictis
1901 2511 2165 2561 duxeritis
2211 2509 2407 2560 facien·

400 2597 551 2657 dum,
585 2596 740 2647 nobis
774 2615 868 2663 per
899 2606 1110 2646 vestras
1144 2595 1356 2646 litteras
1389 2597 1584 2646 harum
1616 2595 1807 2645 seriem
1840 2595 2180 2646 continentes
2213 2593 2407 2644 curetis

402 2679 730 2744 quantocius
774 2680 1008 2731 fideliter
1044 2679 1317 2730 intimare.
1357 2708 1426 2715 —
1463 2680 1671 2729 Datum
1710 2677 1984 2740 Avinioni,
2037 2679 2156 2729 idus
2210 2677 2407 2739 martii,

398 2781 540 2814 anno
581 2764 754 2830 primo
777 2761 815 2814 ⁹.

456 2940 497 2984 1.
530 2939 691 2982 Michel
713 2941 768 2982 de
790 2941 932 2982 Treal.
964 2940 1110 2982 Gallia
1130 2939 1294 2992 christ„
1317 2947 1350 2981 t.
1375 2954 1473 2992 xw,
1497 2940 1578 2981 col.
1603 2940 1701 2980 852.

463 3013 502 3051 2.
541 3010 605 3052 La
625 3009 824 3052 Chaume
850 3009 1297 3064 (Loire-Inferieure)‚
1318 3024 1479 3051 comm.
1514 3011 1571 3051 de
1605 3009 1881 3063 Machecoul,
1917 3009 2127 3051 chef-lieu
2158 3010 2214 3051 de
2247 3015 2411 3050 canton

397 3081 452 3122 de
482 3081 692 3122 l’arrond.
725 3082 781 3122 de
812 3082 998 3123 Nautes.

458 3153 497 3192 3.
523 3150 791 3202 Trevalloet„
814 3151 992 3193 localite
1021 3166 1109 3205 que
1137 3166 1250 3192 nous
1270 3151 1460 3192 n'avons
1481 3166 1544 3205 pu
1578 3150 1818 3192 identifier.
1854 3151 1937 3192 Les
1970 3150 2227 3191 Trevalloet
2260 3149 2412 3190 furent

398 3221 623 3274 seigneurs
649 3223 703 3262 de
730 3221 1044 3262 Pont-l’Abbe.
1072 3221 1290 3275 Supplic„
1315 3228 1348 3262 t.
1376 3235 1475 3261 xcn
1503 3220 1684 3267 (Bened.
1711 3220 1866 3274 XIII),
1909 3221 1985 3261 fol.
2025 3221 2108 3261 160
2134 3224 2199 3261 νο.

460 3293 502 3332 4.
535 3291 786 3344 Guergolle,
827 3306 885 3333 ou
923 3290 1077 3333 mieux
1116 3291 1354 3344 Quercorle
1396 3290 1601 3345 (castrum
1641 3290 1773 3344 Cole),
1816 3292 1928 3332 dans
1967 3290 2314 3332 l'archidiacone
2351 3289 2409 3330 de

402 3362 545 3403 Poher
570 3362 683 3416 (voir
703 3363 758 3404 A.
781 3364 836 3404 de
859 3363 1074 3415 Courson,
1097 3362 1343 3404 Cartalaire
1363 3362 1413 3403 de
1434 3362 1632 3415 l'abbaye
1653 3362 1703 3402 de
1722 3362 1887 3414 Redon,
1912 3362 2051 3414 Paris,
2073 3362 2201 3414 1863,
2223 3375 2267 3416 p.
2291 3358 2408 3412 533),

401 3432 692 3485 aujourd’hm
720 3432 893 3486 Corlay,
920 3432 1131 3474 chef-lieu
1157 3434 1212 3475 de
1239 3440 1406 3475 canton
1423 3433 1486 3474 du
1512 3433 1686 3486 depart.
1721 3433 1797 3473 des
1820 3432 2198 3483 Cotes-du-Nord,
2229 3429 2407 3472 arrond.

403 3504 458 3543 de
483 3503 711 3551 Loudea03
739 3517 797 3543 ou
822 3503 926 3544 bien
952 3502 1328 3556 Corlay-le-Haut,
1352 3502 1532 3544 localite
1558 3502 1728 3543 voisine
1754 3503 1808 3543 de
1834 3503 1876 3544 la
1902 3503 2181 3557 precedente.

461 3574 500 3613 5.
533 3571 665 3613 Alain
692 3572 890 3614 Gontier.
920 3573 984 3614 Cf.
1014 3588 1056 3614 n.
1085 3573 1185 3626 131,
1211 3580 1318 3615 note
1343 3573 1382 3615 1.

462 3643 501 3682 6.
535 3642 650 3683 Jean
679 3642 865 3695 Aufred,
897 3657 954 3683 ou
983 3643 1189 3695 Aufr-oid,
1219 3643 1332 3684 frere
1363 3643 1591 3697 precheur‚
1625 3645 1679 3685 de
1713 3643 1914 3695 Poitiers,
1933 3643 2005 3683 fut
2034 3656 2138 3692 recu
2167 3643 2327 3682 maitre
2357 3653 2410 3680 en

408 3711 644 3764 theologie,
675 3725 729 3752 en
759 3713 886 3764 1327,
918 3727 999 3766 par
1028 3713 1068 3753 le
1099 3713 1347 3754 chancelier
1376 3714 1430 3754 de
1463 3714 1602 3766 Paris,
1633 3728 1708 3756 sur
1738 3729 1798 3754 un
1843 3714 1971 3754 ordre
2015 3714 2069 3753 de
2113 3712 2228 3752 Jean
2270 3708 2408 3750 XXII

412 3781 480 3834 (13
506 3782 739 3824 decembre
763 3782 908 3836 1327).
938 3782 1124 3837 Denifle,
1150 3783 1360 3835 Char-lul„
1388 3791 1420 3824 t.
1449 3798 1499 3835 11,
1525 3798 1567 3840 p.
1595 3785 1694 3838 304,
1721 3799 1762 3824 n.
1790 3785 1894 3834 868;
1920 3783 2048 3824 Arch.
2067 3782 2142 3837 fiir
2164 3781 2408 3830 Litteraear,
