2540 4354
430 354 538 406 312
822 367 1110 403 BULLAmE
1157 367 1229 399 DE
1264 348 1682 410 L’1NQUISIT10N
1729 367 2049 411 FRANQAISE

433 487 553 538 ciali
593 485 802 536 Albien.
845 494 900 533 et
942 484 1102 533 Petro
1145 482 1402 532 canonico
1444 483 1498 533 in
1539 482 1852 533 huiusmodi
1907 501 2068 533 causa
2124 499 2434 548 processum

431 569 694 631 extiterit,
731 567 976 635 prefatus
1017 568 1208 616 Petrus
1247 567 1538 617 canonicus
1574 566 1724 617 viam
1760 567 1940 617 fuerat
1975 566 2226 617 universe
2263 566 2433 617 carnis

431 656 698 718 ingressus
736 652 947 702 vicibus
985 650 1093 700 suis
1131 650 1302 701 altero
1341 669 1450 700 non
1488 651 1806 714 commissis,
1840 661 2063 718 propter
2101 651 2246 716 quod
2275 669 2435 702 causa

432 736 747 788 huiusmodi
796 744 1136 786 remanserat
1188 744 1243 784 et
1294 736 1617 786 remanebat
1684 735 1948 797 indecisa;
2003 753 2064 786 ac
2097 734 2436 800 supplicante

433 822 589 873 nobis
639 831 702 872 ut
750 839 875 871 cum
923 809 1222 885 predictusx
1250 819 1559 885 prepositus
1608 819 1664 870 in
1712 820 1915 870 eisdem
1963 819 2186 870 remotis
2236 829 2435 884 ageret,

436 925 532 957 nec
565 907 630 955 de
662 905 830 971 ipsius
864 903 1043 953 vicino
1076 903 1258 953 reditu
1291 914 1622 970 speraretur,
1657 905 1944 970 providere
1977 903 2081 954 sibi
2127 921 2288 969 super
2335 903 2435 953 hoc

437 993 503 1041 ‹lc
541 1000 811 1056 oportuno
847 987 1087 1038 remedio
1125 987 1474 1053 dignaremur
1515 1007 1525 1039 ε
1568 1006 1661 1039 nos
1700 988 1909 1038 dilectis
1952 987 2070 1038 filiis
2110 988 2438 1053 Raymundo

439 1077 504 1125 dc
548 1073 795 1125 Prohinis
835 1083 891 1122 et
932 1071 1158 1137 Anglico
1199 1073 1265 1122 de
1306 1072 1577 1135 SubertiO,
1621 1073 1892 1124 canonicis
1935 1072 2438 1137 Albien.,dictoque

441 1159 655 1210 officiali
683 1157 895 1208 Albien.
926 1157 1126 1207 nostris
1155 1158 1256 1207 sub
1283 1175 1345 1207 ea
1375 1156 1550 1208 forma
1581 1158 1829 1208 dedimus
1858 1157 2054 1207 litteris
2083 1157 2136 1207 in
2167 1157 2437 1206 mandatis

441 1228 502 1293 ut
536 1244 579 1294 si
611 1253 753 1294 esset
786 1243 884 1304 ita,
917 1241 1159 1306 legitimo
1196 1259 1378 1293 coram
1413 1242 1571 1292 dictis
1608 1242 1824 1293 officiali
1844 1242 2053 1292 Albien.
2090 1253 2144 1291 et
2166 1244 2323 1292 Petro
2359 1261 2439 1292 ca-

439 1329 633 1379 nonico
680 1327 734 1377 in
779 1325 1093 1376 huiusmodi
1139 1345 1300 1378 causa
1347 1327 1537 1376 habito
1583 1337 1799 1376 servato
1847 1345 2118 1392 processu,
2154 1327 2208 1376 in
2253 1327 2439 1377 eadem

440 1432 602 1463 causa
669 1412 1026 1477 procederent
1091 1410 1246 1462 iuxta
1314 1412 1688 1476 predictarum
1753 1411 1956 1461 eisdem
2022 1410 2316 1476 preposito,
2381 1430 2441 1462 ac

441 1496 657 1548 officiali
696 1495 907 1546 Albien.
949 1506 1004 1544 et
1046 1497 1206 1546 Petro
1249 1495 1508 1546 canonico
1551 1495 1883 1547 directarum
1924 1495 2319 1546 continentiam
2358 1495 2440 1544 lit-

440 1593 709 1642 terarum3
753 1581 1043 1646 dictusque
1084 1581 1394 1631 Bernardus
1436 1581 1566 1630 fecit
1606 1582 1850 1630 eundum
1891 1580 2208 1646 episcopum
2265 1598 2441 1631 coram

443 1665 669 1734 prefatis
716 1665 939 1730 Anglico
987 1666 1246 1716 canonico
1292 1676 1347 1714 et
1392 1665 1607 1716 officiali
1652 1665 1884 1728 Albien.,
1929 1684 1992 1716 ac
2053 1665 2336 1715 Guillelmo
2380 1667 2442 1716 de

447 1750 635 1816 Popia,
668 1750 927 1800 canonico
959 1749 1191 1811 Albien.,
1224 1750 1309 1800 cui
1339 1750 1560 1816 quidem
1593 1750 1879 1800 Guillelmo
1901 1750 2145 1816 prefatus
2167 1751 2442 1816 Raymun-

447 1837 546 1886 dus
578 1835 643 1885 de
676 1833 925 1885 Prohinis
957 1834 1305 1886 commiserat
1335 1853 1497 1901 super
1526 1837 1628 1892 hoc
1658 1853 1768 1886 non
1797 1846 1985 1887 tamen
2014 1835 2260 1886 totaliter
2304 1836 2443 1886 vices

449 1939 592 1980 suas,
644 1919 977 1971 auctoritate
1025 1920 1346 1971 ultimarum
1393 1920 1704 1970 litterarum
1752 1931 1807 1970 et
1840 1919 2232 1970 commissionis
2266 1920 2443 1970 huius-

448 2004 599 2054 modi
643 2005 712 2055 ad
758 2004 1021 2054 iudicium
1067 2004 1309 2067 evocari3
1359 2023 1541 2056 coram
1589 2005 1785 2071 quibus
1834 2004 2058 2070 Anglico
2120 2016 2174 2054 et
2235 2004 2446 2054 officiali

450 2089 660 2140 Albien.
706 2107 768 2139 ac
814 2088 1100 2138 Guillelmo
1145 2091 1210 2139 de
1257 2090 1424 2156 Popia
1468 2090 1610 2140 inter
1653 2090 1828 2142 dictas
1871 2101 2054 2156 partes
2099 2108 2279 2141 coram
2320 2089 2445 2155 ipsis

446 2174 500 2226 in
533 2173 731 2223 iudicio
766 2184 1142 2239 comparentes
1176 2176 1244 2225 ad
1305 2175 1594 2225 nonnullos
1628 2185 1783 2226 actus
1816 2175 1871 2225 in
1919 2193 2080 2226 causa
2138 2173 2447 2225 huiusmodi

447 2258 748 2309 dinoscitur
795 2258 959 2308 fuisse
1008 2277 1346 2324 processum3
1398 2262 1655 2326 quodque
1704 2261 2059 2327 postmodum
2154 2260 2445 2312 Gasbertus

447 2343 512 2393 dc
565 2342 780 2408 Orgolio
805 2342 842 2404 5,
897 2342 1098 2393 ordinis
1150 2344 1385 2395 fratrum
1437 2346 1862 2411 predicatorum,
1929 2363 1982 2395 se
2079 2345 2446 2396 comissarium

445 2445 539 2478 seu
579 2428 1098 2479 locumtenentem..
1143 2428 1480 2494 inquisitoris
1525 2430 1760 2479 heretice
1803 2429 2095 2495 pravitatis
2138 2430 2193 2480 in
2211 2430 2310 2480 illis
2332 2448 2446 2496 par-

446 2513 612 2575 tibus,
646 2522 702 2561 et
732 2512 1152 2564 Bartholomeus
1189 2516 1254 2564 de
1290 2515 1576 2577 Fontibus,
1615 2515 1835 2566 clericus
1861 2515 2004 2565 dicte
2033 2515 2274 2577 diocesis,
2294 2532 2448 2581 super

446 2598 548 2647 hoc
607 2598 676 2647 ab
734 2598 927 2646 eodem
986 2598 1241 2664 episcopo
1301 2600 1592 2665 specialem
1651 2600 2088 2651 commissionem
2146 2618 2199 2651 se
2257 2601 2448 2651 habere

447 2691 769 2745 asserentes,
815 2683 1051 2732 eundem
1095 2684 1439 2734 Bernardum
1486 2685 1642 2735 citari
1687 2687 2094 2737 mandaverunt
2127 2695 2182 2735 et
2209 2685 2450 2735 fecerunt

448 2776 511 2815 ut
539 2777 684 2816 certa
718 2766 803 2816 die
832 2785 1014 2818 coram
1042 2767 1115 2819 cis
1146 2780 1486 2835 compareret
1514 2788 1674 2836 super
1693 2770 1934 2821 articulis
1958 2770 2084 2820 fidei
2100 2787 2449 2837 responsurus

449 2850 633 2915 aliqua
668 2851 909 2902 clausula
943 2853 1251 2917 specialiter
1284 2854 1349 2903 de
1381 2854 1689 2920 suspicione
1726 2855 1851 2905 fidei
1896 2873 2005 2906 non
2050 2854 2289 2917 adiecta3
2335 2872 2449 2919 pro·

452 2945 572 3000 pter
612 2936 758 2999 quod
800 2954 895 3000 pro
931 2947 1087 3002 parte
1121 2938 1254 2987 dicti
1289 2939 1552 2989 Bernardi
1592 2939 1845 2990 habentis
1876 2940 2095 2990 eosdem
2129 2940 2449 2990 Gasbertum

450 3029 505 3095 et
539 3019 992 3070 Bartholomeum
1025 3038 1087 3072 ea
1121 3022 1335 3073 ratione
1369 3034 1651 3089 suspectos
1689 3025 1834 3089 quod
1868 3025 2285 3075 Bartholomeus
2318 3022 2448 3073 eius·

451 3103 575 3152 dem
618 3102 860 3170 episcopi
902 3106 1174 3170 subditus,
1219 3118 1275 3156 et
1318 3118 1435 3159 tam
1479 3108 1592 3174 ipse
1637 3127 1805 3174 quam
1851 3109 2147 3160 Gasbertus
2182 3108 2449 3175 predictus

452 3186 600 3237 dicto
643 3187 898 3255 episcopo
943 3190 1104 3241 nimis
1149 3191 1478 3243 favorabiles
1523 3193 1855 3255 existebant,
1902 3195 1970 3244 ad
2015 3194 2221 3245 dictam
2265 3192 2450 3243 Sedem

452 3271 641 3322 extitit
689 3274 1048 3339 appellatum.
1101 3276 1279 3339 Quare
1328 3278 1575 3343 prefatus
1623 3279 1931 3331 Bernardus
1980 3279 2135 3329 nobis
2182 3277 2452 3328 humiliter

453 3356 804 3421 supplicavit,
840 3369 902 3407 ut
934 3359 1037 3410 sibi
1068 3372 1290 3423 vexatO,
1324 3381 1452 3427 ymo
1487 3363 1642 3428 quasi
1674 3363 1921 3414 totaliter
1952 3363 2231 3414 exinanito
2263 3360 2451 3413 labori-

453 3441 554 3490 bus
595 3449 650 3488 et
688 3443 956 3507 expensis,
997 3463 1060 3495 ac
1099 3456 1292 3511 parato
1335 3464 1517 3496 coram
1558 3448 1893 3513 competenti
1932 3447 2107 3498 iudice
2146 3465 2305 3513 super
2342 3462 2451 3511 pre-

457 3522 629 3574 missis
666 3526 919 3578 omnibus
955 3529 1020 3578 de
1055 3529 1268 3580 iusticia
1303 3532 1648 3596 respondere,
1685 3542 1740 3581 et
1773 3551 1839 3582 ne
1873 3551 2034 3598 super
2067 3531 2335 3598 premissis
2370 3547 2449 3578 co-

456 3624 572 3657 ram
609 3608 834 3670 diversis
871 3610 1140 3664 iudicibus
1175 3615 1389 3680 litigare
1426 3627 1670 3681 cogatur,
1709 3618 1994 3682 providere
2029 3617 2130 3667 sibi
2165 3634 2321 3681 super
2354 3616 2450 3663 hoc

459 3689 525 3739 de
575 3704 845 3756 oportuno
895 3699 1134 3749 remedio
1185 3699 1548 3769 dignaremur.
1620 3701 1727 3751 Nos
1797 3702 2051 3767 itaque...
2126 3697 2452 3751 fraternitati

467 3783 624 3835 ,utne
644 3779 968 3833 mandamus
989 3783 1268 3853 quatinus,
1288 3784 1498 3837 vocatis
1554 3786 1647 3853 qui
1699 3785 1903 3846 fuerint
1947 3784 2228 3850 evocandi,
2275 3800 2451 3836 omnes
