2540 4354
903 356 1116 392 annon
1155 357 1237 392 xn
1322 366 1324 368 v
1963 339 2063 396 271

63 473 307 526 testatis
360 473 445 525 vel
498 471 888 525 commissionis
943 471 1243 538 cuiuspiam
1312 490 1404 538 per
1447 473 1655 524 dictum
1698 473 2076 539 inquisitorem

60 551 195 613 {sibi
241 555 385 607 facte
434 556 692 624 premissa
743 555 918 607 facere
968 555 1233 621 potuisse3
1285 556 1571 623 ipsumque
1622 574 1929 623 processum
1981 576 2075 625 per

51 674 66 688 ,ι
87 638 301 710 ν(ἱίιιῐιιιιι
334 639 648 690 Mennetum
680 647 869 689 contra
902 637 1111 688 dictum
1146 638 1446 689 Giraudum
1478 638 1686 690 facturn
1717 649 1773 689 et
1804 641 2075 704 habitum,

82 731 156 776 'nt
207 722 491 790 prefertur,
546 732 813 788 tanquam
867 721 1215 771 temerarium
1268 732 1323 771 et
1376 722 1442 772 de
1495 721 1641 774 facto
1696 734 2075 792 presumptum

2 806 6 807 ⁷
62 819 383 868 nummus,
417 806 724 857 anuliamus
756 814 813 855 et
845 803 1140 865 irritamus,
1175 814 1230 854 et
1265 823 1495 867 cassum,
1531 805 1739 857 nullum
1773 816 1827 856 et
1860 806 2075 859 irritum

63 887 438 951 ''nunciamus3
466 906 528 939 ac
555 887 938 939 nichilominus
966 887 1404 954 pronuntiamus,
1435 889 1773 941 decernimus
1813 901 1869 940 et
1895 891 2071 943 decla·

64 978 272 1024 famus
304 971 537 1022 eundem
573 971 876 1022 Giraudum
910 970 1074 1022 fuisse
1107 980 1163 1020 et
1196 989 1308 1021 esse
1344 972 1481 1021 bone
1517 971 1783 1038 opinionis
1815 984 1872 1023 et
1905 974 2074 1038 fame3

68 1057 120 1114 l..
131 1055 405 1123 ullamque
435 1054 718 1108 infamiam
749 1054 836 1105 vel
865 1054 1300 1105 diffamationem
1332 1071 1426 1121 per
1455 1055 1767 1107 huiusmodi
1797 1075 2075 1123 processus

0 1129 3 1132 ’
88 1146 148 1189 t
189 1136 565 1205 inquisitiones
613 1138 830 1189 habitos
876 1155 969 1188 seu
1017 1137 1253 1199 habitas,
1301 1136 1475 1189 factos
1523 1157 1615 1189 seu
1664 1139 1836 1192 factas
1885 1128 2074 1193 contra

10 1254 18 1267 2
66 1237 214 1279 *oum
234 1237 328 1288 per
349 1221 558 1274 dictum
582 1221 898 1274 Mennetum
920 1238 1083 1288 super
1103 1220 1262 1272 dictis
1285 1221 1482 1283 verbis,
1507 1240 1600 1287 per
1621 1223 1862 1275 eundum
1886 1223 2074 1276 Girau-

8 1294 9 1297 Ἴ
85 1314 221 1356 ‘um
266 1304 321 1356 in
368 1303 515 1357 dicta
549 1305 704 1357 Curia
751 1322 977 1357 romana
1025 1304 1250 1371 prolatis
1299 1305 1384 1355 vel
1429 1322 1617 1355 eorum
1666 1317 1922 1371 pretextu
1980 1325 2075 1358 seu

105 1387 367 1440 ccasione
401 1388 711 1452 incurrisse3
748 1388 1067 1455 dictumque
1104 1388 1419 1440 Mennetum
1456 1388 1602 1439 dicto
1642 1389 1878 1442 Giraudo
1914 1390 1969 1442 in
1983 1407 2076 1440 ex-

8 1520 13 1529 ,
75 1474 114 1523 i·
142 1470 280 1524 nsis-
306 1489 400 1538 per
435 1489 560 1523 eum
598 1472 653 1524 in
691 1472 1003 1524 huiusmodi
1042 1490 1203 1524 causa
1242 1471 1420 1534 factis,
1462 1482 1731 1538 quatenus
1783 1473 2074 1524 articulum

12 1559 14 1562 ’
130 1553 357 1622 ‘ctorum
390 1556 680 1607 verborum
712 1574 806 1623 per
837 1574 961 1606 eum
994 1556 1047 1606 in
1080 1555 1270 1607 eadem
1304 1555 1460 1606 Curia
1493 1556 1828 1621 prolatorum
1861 1574 2073 1608 concer-

85 1647 247 1701 .unt,
279 1656 402 1689 cum
432 1639 830 1692 restauratione
861 1650 917 1689 et
947 1638 1329 1690 emendatione
1361 1639 1725 1704 dampnorum
1757 1657 1861 1706 que
1894 1641 2071 1690 dictus

138 1719 358 1774 iraudus
401 1733 687 1790 propterea
729 1722 957 1774 incurrit
997 1722 1173 1773 eidem
1218 1721 1455 1773 Giraudo
1497 1722 1865 1784 restituendis,
1911 1733 2073 1789 prout

18 1861 24 1864 ,
142 1821 188 1855 -c
227 1805 407 1857 omnia
450 1805 668 1859 fuerant
709 1824 804 1874 per
844 1806 1053 1857 dictum
1098 1805 1399 1858 Giraudum
1442 1805 1633 1871 petita,
1677 1806 2074 1857 sententialiter

22 1902 29 1906 ·
106 1886 578 1956 Λιιᾶοωριιαιηιιες
619 1890 973 1957 ipsorumque
1012 1906 1375 1956 expensarum
1417 1898 1472 1938 et
1513 1890 1877 1955 dampnorum
1919 1899 2072 1941 taxa·

99 1972 293 2030 ¹:mem
325 1973 500 2025 eidem
536 1975 697 2026 Petro
734 1973 995 2026 cardinali
1028 1973 1424 2024 committimus
1461 1973 1621 2023 modo
1656 1972 1841 2023 debito
1876 1973 2072 2024 facien·

124 2082 204 2101 ···
258 2056 297 2110 ⁰.
349 2057 632 2111 prefatum
680 2076 898 2128 quoque
948 2058 1266 2110 Mennetum
1315 2073 1661 2124 quocumque
1709 2056 1884 2107 officio
1932 2057 2071 2109 circa

115 2140 178 2191 ἕω
232 2137 463 2194 isitionis
528 2142 808 2210 negotium
860 2141 1094 2192 heretice
1143 2140 1435 2208 pravitatis
1489 2141 1573 2190 vel
1622 2141 1735 2191 eius
1787 2140 2066 2192 occasione

110 2211 500 2291 '⁴..fomodolibet
534 2226 620 2277 vel
655 2226 884 2277 ubilibet
917 2225 1217 2276 exercendo
1254 2234 1517 2291 perpetuo
1552 2224 1851 2290 apostolica
1887 2234 2073 2275 aucto·

38 2325 40 2328 ’
112 2332 167 2373 :⁸
198 2317 255 2360 te
280 2308 577 2376 privamus.
613 2309 840 2377 Insuper
880 2310 1132 2360 volumus
1173 2318 1229 2358 et
1270 2308 1516 2359 districte
1558 2307 1883 2374 precipimus
1925 2307 2070 2373 quod

109 2403 232 2466 sm
283 2391 568 2444 Mennetus
619 2393 830 2445 nullum
883 2392 1119 2444 officium
1172 2392 1310 2443 circa
1364 2390 1642 2456 negotium
1701 2390 2072 2456 Inquisitionis

35 2465 40 2468 ’
102 2506 161 2548 ἡ·
197 2473 320 2526 tice
365 2475 656 2542 pravitatis
704 2493 1049 2543 quocumque
1096 2475 1257 2526 modo
1305 2474 1476 2541 possit
1521 2474 1773 2540 deinceps
1819 2474 2073 2540 recipere,

36 2595 38 2597 -
123 2550 179 2612 [l
213 2559 625 2626 quomodolibet
663 2577 928 2622 exercere,
969 2561 1055 2610 vel
1095 2559 1160 2609 de
1200 2558 1289 2609 illo
1329 2576 1385 2608 se
1423 2557 1789 2608 intromittere
1830 2574 2074 2623 quoquo-

122 2634 167 2682 s¹
195 2658 252 2692 ·o
297 2642 504 2710 absque
563 2653 748 2695 nostra
799 2644 884 2694 vel
930 2660 1300 2694 successorum
1347 2651 1658 2692 nostrorum
1724 2657 2073 2691 romanorum

42 2750 49 2787 χ
162 2722 413 2787 ‚ntificum
464 2725 683 2779 licentia
737 2726 974 2793 speciali,
1031 2726 1357 2793 Supplentes
1413 2742 1627 2774 omnem
1683 2724 1975 2784 defectum,
2031 2722 2074 2773 si

129 2805 183 2882 ’,ν’
214 2806 472 2877 ¹forsitan
508 2809 649 2860 foret
683 2826 751 2859 ex
787 2809 1134 2860 solemnitate
1171 2807 1298 2860 iuris
1336 2807 1532 2857 omissa
1571 2806 1654 2856 vel
1693 2823 1787 2871 pro
1822 2823 1884 2855 eo
1922 2805 2071 2871 quod

196 2919 219 2934 ··
263 2890 548 2944 Mennetus
571 2903 817 2959 tempore
867 2892 1179 2944 huiusmodi
1229 2909 1322 2958 per
1371 2909 1468 2941 nos
1533 2891 1742 2956 prolate
1804 2889 2073 2940 sententie

334 2993 444 3027 non
485 2976 691 3038 extitit,
736 2978 820 3027 vel
865 2977 997 3028 alias
1042 2993 1386 3043 quocumque
1432 2974 1592 3023 modo
1637 2973 1691 3022 in
1737 2972 2071 3038 processibus

128 3117 156 3130 ‚-
233 3057 430 3110 dictis.
466 3059 612 3110 Nulli
642 3077 784 3126 ergo,
818 3071 942 3123 etc.,
974 3069 1157 3110 nostre
1190 3057 1525 3118 cassationis,
1559 3055 1926 3116 anullationis,
1959 3054 2071 3104 irri-

47 3141 50 3142 ’
123 3137 331 3205 ‘onis,
390 3142 769 3207 nuntiationis,
833 3141 1358 3210 condempnationis,
1421 3139 1830 3200 commissionis,
1893 3138 2071 3203 priva·

44 3255 70 3298 ss
328 3226 648 3290 voluntatis,
709 3227 1239 3295 pronuntiationum,
1300 3223 1747 3283 declarationum,
1809 3221 2071 3271 constitu-

118 3306 319 3371 Ι’11111,
363 3310 605 3377 precepti
646 3321 702 3360 et
744 3309 1112 3377 supplementi
1156 3308 1461 3373 infringere,
1506 3317 1608 3356 etc.
1656 3304 1712 3355 ¹⁰.
1759 3331 1827 3339 —
1870 3304 2069 3353 Actum

127 3382 360 3456 f'‘·’oni,
410 3393 466 3444 in
515 3394 719 3459 palatio
782 3403 967 3444 nostro
1030 3392 1330 3460 apostolico
1401 3408 1482 3440 xn
1550 3387 1805 3439 kalendas
1870 3386 2070 3447 martii,

72 3500 73 3504 =
159 3488 231 3524 uo
273 3485 443 3529 sexto.

24 3655 25 3660 ’
68 3631 70 3635 Ι
122 3645 142 3698 ,s
174 3682 187 3695 .
217 3627 321 3698 Voir
347 3673 389 3704 n.
418 3660 516 3714 154,
544 3668 648 3704 note
675 3661 716 3703 4.

123 3768 125 3770 ,
177 3735 199 3763 ⁶²
215 3719 363 3769 Ρὶδπο
382 3729 437 3771 de
457 3729 556 3779 vie3
580 3745 621 3772 n.
644 3731 741 3781 155,
763 3739 868 3773 note
888 3733 928 3771 1.
