2540 4354
385 273 485 323 520
773 289 1059 322 BULLAIRE
1097 291 1171 321 DE
1206 274 1622 333 L’INQUISITION
1661 294 1983 337 FRANQAISE

457 408 527 456 Et
566 405 771 456 ibidem
810 404 1179 455 incontinenti
1219 406 1354 456 dicti
1395 419 1842 474 compurgatores
1883 408 1967 459 sui
2006 426 2101 475 per
2139 427 2262 460 eam
2302 428 2393 460 su-

381 489 758 557 pranominati
798 488 1007 540 dictam
1053 488 1067 552 [
1358 493 1374 558 ]
1416 503 1795 557 purgaverunt
1835 492 2116 558 sigillatim
2157 503 2212 543 et
2252 492 2398 546 inso-

376 574 568 625 lidum.
617 572 887 636 Quislibet
931 590 1051 623 eam
1093 574 1354 640 purgavit
1396 574 1452 624 in
1496 577 1594 626 hec
1621 578 1827 627 verba:

458 658 612 722 «Ego
672 658 914 708 Jacobus
972 657 1038 708 de
1094 658 1397 721 Bosozello,
1431 659 1564 711 alias
1628 661 1843 725 Frepet,
1904 660 2074 722 miles,
2136 661 2389 713 dominus

379 741 713 801 Sclose,iuro
763 760 858 807 per
904 735 1002 792 hec
1049 753 1240 793 sancta
1262 754 1503 807 quatuor
1525 743 1624 794 Dei
1647 744 2382 810 Euvangelia,corporaliter

379 843 544 875 manu
591 835 745 874 tacta
791 826 1097 876 secundum
1143 826 1424 892 propriam
1472 827 1892 888 conscientiam3
1942 829 2100 879 credo
2150 829 2296 894 quod
2326 829 2381 882 in

379 911 481 962 hac
508 926 605 958 sua
636 909 966 974 purgatione
996 908 1144 960 dicta
1179 908 1194 972 [
1414 913 1430 978 ]
1460 929 1653 961 verum
1682 911 1888 962 iuravit
1916 922 1972 961 et
2002 914 2208 963 bonum
2237 913 2387 963 exhi-

378 993 500 1043 buit
532 992 925 1042 iuramentum.
963 1012 983 1038 »
1021 993 1092 1043 Et
1125 1011 1219 1058 per
1252 991 1466 1045 dictum
1501 997 1728 1045 modum
1761 1006 1818 1044 et
1850 996 2086 1047 formam
2120 997 2388 1050 antedicti

378 1087 700 1142 purgatores
750 1077 1093 1128 concorditer
1139 1077 1348 1128 dictam
1399 1077 1414 1142 [
1563 1082 1578 1147 ]
1627 1090 2022 1145 purgaverunt.

452 1160 661 1222 Quibus
690 1161 943 1211 omnibus
971 1171 1027 1209 et
1053 1160 1278 1226 singulis
1305 1162 1380 1212 sic
1397 1163 1694 1214 solenniter
1712 1163 1966 1229 peractis,
1986 1182 2082 1215 nos
2101 1162 2391 1229 inquisitor

377 1244 624 1310 prefatus
658 1244 1044 1310 purgationem
1077 1244 1322 1310 predicte
1359 1245 1374 1310 [
1622 1250 1636 1315 ]
1670 1247 2088 1313 superhabitam
2120 1256 2390 1313 tanquam

379 1329 637 1381 canonice
683 1329 787 1380 rite
835 1341 890 1380 et
936 1329 1179 1394 legitime
1227 1331 1436 1381 factam
1482 1332 1806 1383 admisimus
1855 1343 1911 1381 et
1957 1333 2388 1398 approbavimus

377 1433 439 1464 ac
475 1413 945 1475 confirmavimus,
981 1425 1036 1464 et
1069 1415 1278 1464 dictam
1317 1414 1331 1478 [
1551 1419 1567 1484 ]
1601 1417 1797 1471 adicta
1831 1415 2059 1467 infamia
2093 1417 2391 1468 sententia-

377 1497 500 1548 liter
534 1498 873 1548 absolvimus
910 1509 965 1548 et
1000 1518 1122 1549 eam
1158 1499 1274 1550 fore
1311 1502 1642 1552 catholicam
1676 1512 1733 1550 et
1767 1502 1898 1552 boni
1931 1501 2237 1552 testimonii
2271 1520 2390 1567 pro-

377 1581 783 1634 nunciavimUS.
819 1584 890 1632 Et
919 1593 1165 1648 preterea
1198 1603 1322 1635 cum
1352 1603 1447 1650 per
1473 1585 1588 1636 eius
1607 1585 2011 1652 depositionem
2030 1605 2215 1637 coram
2231 1585 2386 1636 nobis

376 1666 615 1731 legitime
663 1667 873 1718 factam
920 1668 1078 1718 nobis
1127 1681 1344 1722 constet
1390 1670 1697 1735 predictam
1748 1669 1763 1734 [
1913 1674 1928 1738 ]
1975 1682 2096 1721 toto
2144 1680 2391 1737 tempore

376 1751 489 1802 vite
525 1769 617 1802 sue
651 1754 718 1803 de
754 1769 976 1818 corpore
1012 1753 1214 1804 Christi
1242 1754 1461 1805 nonnisi
1497 1753 1512 1818 [
1661 1755 2294 1822 ]communicasse,licet
2321 1754 2393 1804 sit

374 1835 540 1887 etatis
574 1834 588 1899 [
738 1839 753 1904 ]
781 1855 1055 1887 annorum
1072 1839 1170 1889 *vel
1198 1838 1356 1900 circa,
1385 1858 1455 1889 ex
1473 1856 1580 1905 quo
1599 1839 1755 1889 iuxta
1786 1840 2033 1904 generale
2064 1838 2348 1890 consilium
2373 1839 2394 1870 ⁸

375 1920 566 1971 vivens
611 1939 639 1970 a
685 1920 1011 1972 comunione
1058 1922 1304 1975 fidelium
1361 1925 1527 1975 debet
1583 1924 1754 1974 arceri
1807 1933 1864 1972 et
1919 1924 2155 1975 moriens
2210 1940 2386 1976 carere

373 2004 742 2057 ecclesiastica
785 2007 1088 2071 sepultura,
1130 2007 1261 2073 ideo
1294 2025 1390 2074 pro
1432 2008 1749 2059 huiusmodi
1787 2009 2180 2070 inobedientia,
2223 2007 2388 2073 negli-

375 2090 560 2155 gentia
608 2099 664 2139 et
714 2100 1039 2156 contemptu
1089 2091 1268 2144 eidem
1322 2092 1336 2156 [
1484 2096 1500 2161 ]
1551 2111 1647 2158 pro
1697 2093 2002 2159 penitentia
2052 2093 2384 2159 imponimus

374 2186 437 2224 ut
455 2193 550 2240 per
585 2173 599 2238 [
677 2177 693 2242 ]
725 2193 897 2226 annos
931 2175 1209 2241 proximos
1242 2177 1504 2242 premissa
1525 2178 1912 2243 pura,integra
1931 2188 1987 2226 et
2008 2176 2156 2227 fideli
2175 2178 2384 2227 confes-

372 2258 523 2309 sione
569 2259 958 2312 sacramentali
1002 2260 1058 2310 in
1103 2260 1258 2314 festis
1310 2261 1636 2315 Nativitatis
1687 2260 1926 2323 Domini,
1981 2263 2386 2323 Penthecostes,

375 2342 784 2408 Assumptionis
832 2345 992 2395 beate
1042 2345 1227 2407 Marie,
1276 2356 1332 2396 et
1379 2345 1640 2396 Omnium
1689 2346 2018 2396 Sanctorum
2050 2348 2115 2397 de
2164 2363 2383 2411 corpore

376 2426 577 2477 Christi
619 2426 965 2481 comunicare
1008 2430 1210 2480 debeat
1250 2441 1588 2491 reverenter3
1631 2430 1706 2480 sic
1749 2430 2006 2481 videlicet
2050 2431 2194 2495 quod
2238 2429 2383 2479 dicta

376 2509 392 2574 [
543 2513 560 2579 ]
592 2511 707 2561 sine
741 2512 962 2564 camisia
995 2524 1051 2562 et
1086 2513 1544 2583 calceamentis'let
1562 2513 1814 2584 cumjuna
1850 2516 2096 2566 candella
2130 2513 2186 2563 in
2221 2532 2383 2564 manu

376 2594 774 2657 communicet3
815 2607 869 2646 et
909 2607 1209 2663 postquam
1252 2599 1743 2650 communicaverit
1784 2601 1895 2650 alta
1938 2617 2072 2649 voce
2113 2617 2175 2649 ac
2227 2596 2384 2647 intel-

375 2679 564 2742 ligibili
599 2679 749 2731 dicat
785 2682 989 2747 populo
1029 2683 1175 2747 quod
1195 2695 1420 2749 propter
1438 2685 1539 2734 hoc
1560 2686 1705 2748 quod
1725 2702 1834 2734 non
1868 2682 2376 2737 communicaverat

374 2765 438 2813 de
477 2775 598 2814 toto
635 2775 883 2830 tempore
922 2766 1036 2816 vite
1073 2785 1168 2817 sue
1204 2766 1308 2817 nisi
1348 2766 1363 2831 [
1440 2771 1474 2835 ],
1509 2768 1614 2817 fuit
1650 2768 1754 2819 sibi
1790 2787 1884 2832 per
1920 2786 2017 2818 nos
2054 2766 2375 2832 impositum

374 2858 436 2896 ut
479 2847 534 2898 in
579 2849 754 2905 forma
800 2850 1047 2915 predicta
1094 2851 1554 2913 communicaret3
1600 2854 1701 2902 hoc
1745 2863 1933 2903 tamen
1976 2862 2192 2902 retento
2227 2850 2370 2915 quod

375 2932 417 2980 si
461 2932 642 2997 aliqua
692 2951 854 2983 causa
899 2934 1244 2985 rationabilis
1299 2938 1517 2987 obesset
1586 2939 1731 3003 quod
1788 2935 2193 2987 communicare
2259 2950 2367 2984 non

375 3028 558 3080 posset
591 3018 737 3081 quod
770 3017 859 3068 illa
894 3018 1050 3069 nobis
1085 3021 1171 3069 vel
1203 3019 1478 3085 aliquibus
1513 3021 1711 3070 nostris
1746 3020 1960 3071 vicariis
1997 3018 2362 3084 exprimatur3

372 3110 428 3150 et
464 3099 509 3150 si
544 3101 699 3151 nobis
737 3112 794 3150 et
828 3101 901 3151 eis
941 3119 1010 3150 ex
1047 3121 1209 3153 causa
1248 3104 1493 3168 predicta
1533 3104 1813 3156 videretur
1831 3104 2263 3169 dispensandum
2299 3102 2364 3152 de

375 3184 713 3236 confessione
760 3196 1116 3250 peccatorum
1163 3187 1370 3239 tociens
1419 3188 1670 3243 facienda
1701 3200 1758 3238 et
1802 3174 2273 3254 representatione
2317 3185 2372 3235 in

376 3268 551 3317 forma
611 3269 857 3334 predicta
888 3271 1271 3334 *nullathenus
1332 3272 1695 3338 dispensetur.
1747 3275 1947 3324 Verum
2009 3272 2136 3337 quia
2199 3279 2370 3320 certas

374 3369 641 3416 expensas
697 3364 949 3403 nostrum
1007 3355 1137 3405 fecit
1198 3355 1573 3421 Inquisitionis
1644 3357 1883 3408 officium
1952 3359 2018 3408 de
2074 3354 2372 3421 peritorum

376 3435 614 3497 consili0‚
654 3437 809 3486 iuxta
849 3437 1253 3490 ordinationem
1290 3451 1556 3502 nostram,
1595 3441 1772 3506 ipsam
1813 3441 1826 3504 [
1907 3445 1921 3509 ]
1958 3441 2012 3491 in
2050 3440 2253 3490 eisdem
2289 3452 2377 3486 ex·

374 3518 550 3582 pensis
594 3520 998 3571 sententialiter
1031 3525 1530 3589 condempnamus3
1565 3544 1799 3590 quarum
1831 3525 2177 3579 taxationem
2210 3519 2362 3570 nobis

371 3601 683 3666 inquisitori
716 3603 961 3668 predicto
997 3605 1360 3671 imposterum
1391 3625 1755 3659 reservamus.

446 3686 523 3736 De
550 3686 745 3750 quibus
774 3687 1027 3739 omnibus
1051 3701 1107 3739 et
1132 3690 1356 3755 singulis
1383 3691 1528 3742 idem
1553 3692 1807 3743 dominus
1834 3691 2125 3759 inquisitor
2149 3692 2363 3746 nomine
