2540 4354
488 374 588 428 306
875 393 1164 428 BULLAIRE
1206 396 1281 428 DE
1323 380 1741 439 L'1NQmS1‘r10N
1784 392 2107 440 ananensis

486 511 648 561 bunal
678 510 1062 577 d'Inquisition
1105 513 1238 564 dans
1290 516 1334 565 le
1353 514 1569 565 Comtat.
1617 541 1684 548 --
1730 512 2000 578 Avignon,
2049 511 2128 560 101'
2171 510 2289 576 juin
2336 511 2485 564 1345.

827 645 1138 699 obligationes,
1168 655 1200 687 t.
1231 661 1332 701 xix,
1361 647 1435 688 fol.
1464 648 1546 687 133
1578 653 1642 688 v0.

570 768 864 829 Universis,
884 779 1007 829 etc„
1029 768 1379 833 permissione
1399 768 1584 819 divina
1606 769 1936 834 StephanuS‚
1956 767 2252 830 Cassinen.‚
2271 776 2326 816 et
2347 765 2488 816 Guil-

483 854 692 915 lelmus,
743 852 1071 917 Forojulien.
1121 853 1380 919 episcopi,
1430 853 1639 903 domini
1686 870 1826 918 pape
1874 851 2220 912 thesaurarii,
2256 850 2487 900 salutem

477 939 532 987 in
571 937 822 987 Domino.
862 966 931 971 —
968 936 1331 987 Universitati
1366 948 1548 987 vestre
1584 948 1773 987 tenore
1807 936 2145 1003 presentium
2180 935 2486 987 innotescat

478 1022 623 1086 quod
676 1039 800 1071 cum
850 1021 1176 1072 venerabilis
1228 1020 1311 1070 vir
1345 1021 1597 1072 dominus
1623 1023 1814 1072 Petrus
1845 1022 1910 1071 de
1942 1019 2164 1081 Artisio,
2197 1019 2485 1071 canonicus

478 1105 741 1168 Anicien.,
795 1106 1102 1157 Comitatus
1153 1106 1481 1172 Venayssini
1527 1105 1918 1168 thesaurarius,
1970 1106 2036 1155 de
2069 1115 2214 1156 resta
2248 1104 2486 1170 compoti

479 1208 574 1256 per
599 1191 780 1256 ipsum
810 1208 1019 1240 camere
1049 1191 1193 1241 dom.
1224 1192 1397 1241 nostri
1425 1209 1566 1257 pape
1593 1190 1797 1241 redditi
1825 1190 1890 1240 de
1917 1208 2060 1241 anno
2083 1188 2305 1239 Domini
2322 1188 2485 1239 mille-

477 1274 612 1326 simo
635 1274 1123 1337 CCCXXXV1110,
1149 1276 1213 1325 de
1232 1275 1462 1342 receptis
1483 1293 1577 1342 per
1594 1293 1718 1325 eum
1738 1275 1802 1324 de
1822 1274 1976 1325 bonis
1997 1273 2325 1336 confiscatiS,
2347 1290 2487 1324 com·

478 1358 844 1424 positionibus
894 1371 949 1409 et
999 1359 1589 1426 condempnationibus
1637 1359 1851 1411 ratione
1902 1358 2063 1409 officii
2115 1357 2484 1424 Inquisitionis

478 1443 712 1493 heretice
751 1445 1044 1509 pravitatis
1084 1445 1218 1494 dieti
1258 1445 1565 1495 Comitatus
1604 1454 1660 1494 et
1696 1444 1948 1510 expensis
1988 1443 2149 1494 factis
2188 1453 2244 1492 et
2294 1441 2482 1493 solutis

446 1545 571 1592 ,per
605 1545 730 1577 eum
767 1530 833 1579 de
869 1529 1098 1594 pecunia
1136 1530 1336 1579 exinde
1372 1539 1592 1595 recepta
1630 1528 1685 1578 in
1705 1528 2023 1593 octoaginta
2043 1545 2138 1578 sex
2163 1526 2348 1578 floren.
2370 1525 2484 1577 auri

476 1622 531 1660 et
570 1613 784 1663 duobus
823 1614 1020 1677 tertiis,
1061 1625 1115 1663 et
1156 1633 1250 1679 per
1289 1623 1614 1680 computum
1654 1631 1749 1679 per
1788 1614 2023 1662 eundem
2057 1613 2201 1662 dom.
2243 1613 2481 1672 Petrum,

478 1697 541 1745 de
576 1715 719 1747 anno
758 1698 978 1748 Domini
1014 1698 1297 1748 millesimo
1336 1699 1749 1748 CCCOXLIIIIO
1782 1698 1848 1747 de
1870 1697 2098 1764 receptis
2134 1715 2228 1763 per
2263 1714 2385 1747 eum
2419 1696 2481 1746 de

478 1780 652 1845 bonis,
693 1783 1282 1850 condempnationibus
1322 1794 1377 1833 et
1411 1783 1897 1849 compositionibus
1937 1781 2264 1848 supradictis
2303 1791 2357 1831 et
2394 1799 2480 1831 ex-

477 1867 656 1931 pensis
691 1867 852 1918 factis
886 1878 941 1917 et
975 1868 1167 1918 solutis
1204 1869 1268 1918 de
1304 1869 1534 1934 pecunia
1571 1868 1769 1919 exinde
1802 1877 2022 1934 recepta
2042 1866 2254 1934 prefate
2275 1883 2480 1918 camere

474 1951 772 2015 redditum,
824 1953 879 2003 in
933 1953 1335 2018 quinquaginta
1391 1954 1633 2019 quinque
1691 1954 1875 2004 floren.
1929 1951 2067 2015 auri,
2099 1970 2208 2002 uno
2261 1950 2477 2002 denario

473 2045 654 2086 turon.
696 2054 860 2101 gross.
902 2037 1119 2102 argenti
1158 2048 1213 2087 et
1252 2056 1360 2087 uno
1402 2048 1599 2103 quarto
1640 2055 1804 2102 gross.
1863 2054 2073 2086 camere
2126 2036 2365 2102 predicte
2402 2053 2476 2084 re-

477 2121 739 2171 manserit
779 2121 1078 2187 obligatus3
1118 2122 1263 2172 idem
1304 2123 1450 2173 dom.
1495 2123 1686 2172 Petrus
1729 2122 1793 2171 de
1835 2121 1993 2171 dictis
2032 2120 2313 2182 restis,die
2352 2119 2475 2171 date

473 2205 811 2270 presentium
863 2206 1083 2257 realiter
1135 2217 1191 2256 et
1244 2207 1576 2258 manualiter
1629 2206 1772 2256 dicte
1830 2223 2039 2255 camere
2094 2204 2358 2256 satisfecit
2421 2203 2475 2254 in

474 2299 696 2339 centum
732 2291 1101 2356 quadraginta
1142 2309 1247 2341 uno
1289 2293 1403 2342 flor.
1442 2291 1578 2353 auri,
1616 2308 1816 2340 novem
1852 2291 2036 2340 denar.
2075 2299 2258 2341 turon.
2311 2306 2471 2354 gross.

474 2375 686 2438 argenti
727 2385 782 2424 et
823 2375 1037 2426 duobus
1081 2376 1203 2427 den.
1246 2376 1539 2426 robertinis
1597 2375 1797 2442 parvis.
1846 2375 1923 2424 De
1967 2374 2164 2440 quibus
2205 2373 2359 2424 restis
2399 2371 2470 2423 sic

473 2459 664 2508 solutis
698 2459 879 2525 ipsum
914 2461 1059 2511 dom.
1100 2462 1342 2525 Petrum,
1363 2461 1584 2510 heredes
1619 2470 1675 2509 et
1708 2476 2040 2510 successores
2076 2476 2200 2509 suos
2234 2476 2297 2510 ac
2331 2459 2468 2509 bona

472 2560 660 2593 eorum
699 2544 1035 2595 absolvimus
1090 2545 1302 2611 prefate
1357 2563 1567 2596 camere
1621 2544 1841 2595 nomine
1897 2554 2087 2594 tenore
2145 2541 2472 2609 presentium

477 2638 533 2676 et
587 2628 886 2693 quitamus.
970 2630 1030 2679 In
1095 2630 1245 2680 cuius
1307 2631 1383 2680 rei
1452 2629 1835 2680 testimonium
1915 2637 2194 2693 presentes
2267 2626 2472 2676 litteras

481 2712 595 2762 fieri
613 2712 838 2763 fecimus
858 2724 912 2762 et
946 2714 1243 2779 sigillorum
1276 2725 1591 2765 nostrorum
1625 2713 1959 2780 appensione
1995 2712 2211 2764 muniri.
2261 2739 2329 2746 —
2374 2710 2474 2762 Da-

476 2807 595 2846 tum
641 2797 919 2860 Avinioni,
965 2799 1048 2849 die
1094 2799 1268 2866 prima
1315 2800 1512 2850 mensis
1556 2798 1709 2860 iunii,
1755 2815 1899 2848 anno
1947 2796 2170 2847 Domini
2230 2796 2310 2846 Μο
2330 2794 2479 2846 CCC0‘

474 2881 763 2944 XLIIIItO,
783 2882 1080 2933 indictione
1102 2903 1204 2947 xu,
1226 2885 1585 2950 pontificatus
1620 2882 1953 2934 sanctissimi
1984 2882 2155 2948 patris
2187 2890 2241 2931 et
2273 2877 2473 2930 domini

471 2967 643 3017 nostri
683 2966 888 3017 domini
929 2968 1222 3019 Clementis
1262 2969 1448 3020 divina
1488 2967 1839 3035 providentia
1881 2984 2022 3034 pape
2057 2966 2151 3028 VI,
2191 2983 2331 3016 anno
2370 2974 2468 3014 ter-

463 3059 561 3113 cic.

1314 3428 1626 3536 4199-

553 3640 691 3693 Jean
738 3641 1036 3692 Dumoulin
1061 3640 1095 3703 ¹,
1142 3640 1459 3707 inquisiteur
1500 3640 1560 3689 de
1604 3636 2085 3695 Toulouse,maitre
2127 3650 2190 3682 en
2229 3625 2464 3691 the'ologie
2533 3688 2535 3692 Α

465 3733 497 3778 ιὶ
532 3728 582 3777 la
618 3726 869 3775 demando
904 3715 1085 3774 d’Elie
1119 3725 1178 3775 de
1215 3724 1456 3775 Nabinal
1480 3723 1516 3785 ²,
1554 3720 1795 3771 cardinal
1828 3719 1899 3768 du
1934 3717 2049 3767 titre
2083 3716 2142 3765 de
2191 3708 2458 3764 Sainc-Vi-
2533 3710 2535 3716 ’

467 3814 538 3861 tal
564 3813 598 3873 ³³,
630 3821 700 3859 est
732 3809 914 3873 charges
943 3828 1041 3874 par
1071 3812 1114 3859 le
1142 3828 1280 3875 pape
1303 3809 1367 3859 de
1396 3808 1623 3873 conseret·
1653 3806 1696 3855 le
1724 3804 1838 3854 titre
1867 3803 1925 3852 de
1954 3801 2157 3851 docteur
2185 3809 2227 3848 et
2256 3798 2298 3847 le
2338 3810 2458 3861 pou-
