2540 4354
447 367 512 418 78
664 424 667 427 ,
836 383 1119 416 BULLAmE
1163 383 1235 414 DE
1278 363 1692 423 L’1NQU181T10N
1736 379 2053 422 FRANQAISE

446 499 506 549 de
551 517 601 548 ce
658 500 799 566 juge.
863 498 1145 557 Personne,
1209 514 1306 561 pas
1372 499 1529 555 meme
1588 512 1648 542 sa
1672 520 1682 528 κ
1705 494 1891 557 semme
1948 504 1992 542 et
2054 513 2126 543 ιιη
2188 494 2454 545 conseiller

445 584 772 649 quelconque,
813 601 874 632 ne
910 593 1032 647 peut
1068 583 1301 645 ρέηὲινεν
1336 580 1469 629 dans
1505 597 1600 627 son
1638 578 1827 627 nachot.
1872 577 1918 627 Il
1957 577 2084 627 n’est
2120 589 2242 627 tenu,
2278 597 2450 629 aucun

448 678 644 732 compte
677 668 736 716 de
769 666 965 731 l’appel
998 684 1068 714 aa
1102 663 1439 727 Saint-Siege
1473 660 1705 722 interjete
1737 679 1836 725 par
1869 661 1962 711 lui.
2000 661 2069 710 Le
2101 681 2239 727 pape
2271 662 2452 727 defend

445 754 478 800 ὰ
518 751 876 817 l'inquisiteur
915 750 975 799 de
1015 747 1325 814 pou-rsuivre
1366 757 1484 796 cette
1525 763 1679 794 cause
1719 763 1844 794 sans
1885 745 2031 794 s’etre
2071 750 2296 795 concerte
2336 764 2452 798 avec

449 835 671 900 l'e'veque
703 833 971 884 diocesain
1004 844 1064 893 et,
1099 836 1132 881 ἀ
1165 850 1260 881 son
1294 831 1487 896 defaut,
1525 848 1644 879 avec
1677 831 1746 879 les
1795 833 2002 895 &ceques
2065 831 2288 880 d’Arras
2321 842 2364 880 ec
2397 833 2454 882 de

457 919 676 970 Vivier-s.
715 948 783 954 —
818 917 1088 982 Avignon,
1127 916 1155 965 5
1193 917 1501 980 septembre
1541 914 1691 964 1323.

791 1054 895 1106 Reg.
927 1053 1039 1104 Vat„
1064 1061 1095 1094 t.
1124 1067 1236 1103 exn,
1261 1052 1335 1092 fol.
1362 1066 1412 1102 11,
1436 1066 1478 1091 n.
1505 1051 1608 1100 494;
1630 1050 1775 1102 Vidal,
1799 1065 1867 1103 op.
1894 1051 1980 1103 cil„
2003 1065 2047 1104 p.
2073 1051 2171 1092 424.

524 1171 700 1221 Fratri
733 1170 990 1221 Mauricio
1022 1169 1087 1218 de
1121 1171 1321 1220 Sancto
1355 1169 1541 1229 Paulo,
1562 1167 1874 1232 inquisitori
1903 1167 2136 1217 heretice
2167 1168 2455 1233 pravitatis

448 1256 503 1306 in
552 1254 832 1322 provincia
883 1255 1154 1306 Turonen.
1205 1252 1537 1304 auctoritate
1587 1251 1887 1317 apostolica
1939 1253 2224 1318 deputato.
2260 1283 2327 1289 —
2375 1255 2455 1304 Ad

448 1351 695 1390 nostram
730 1340 1074 1404 fratrumque
1110 1348 1424 1388 nostrorum
1459 1347 1648 1387 sancte
1681 1355 1905 1386 romane
1944 1336 2178 1387 Ecclesie
2214 1337 2454 1389 cardina-

447 1424 581 1474 lium
620 1423 978 1485 audientiam,
1019 1442 1115 1488 pro
1156 1433 1310 1488 parte
1350 1421 1449 1470 viri
1490 1420 1683 1471 nobilis
1725 1420 1992 1470 Johannis
2033 1421 2454 1488 Archiepiscopi,

448 1507 656 1558 domini
695 1507 760 1557 de
804 1507 1128 1568 Pertiniaco,
1187 1505 1392 1567 militis,
1450 1505 1673 1570 eiusque
1730 1505 1995 1555 consortis
2052 1525 2113 1555 ae
2167 1506 2450 1555 nonnullo-

448 1612 570 1643 rum
610 1592 1028 1642 coniunctorum
1066 1591 1242 1641 eidem
1280 1590 1450 1641 nobili
1488 1590 1627 1641 linea
1683 1591 1978 1658 parentele,
2019 1589 2318 1641 insinuatio
2357 1590 2454 1641 hiis

455 1677 646 1727 diebus
710 1676 900 1727 flebilis
962 1687 1016 1725 et
1077 1677 1314 1725 clamosa
1376 1674 1636 1741 perduxit
1683 1675 1829 1739 quod
1891 1685 1950 1723 tu
1998 1693 2063 1724 ex
2111 1673 2219 1724 odii
2266 1674 2452 1733 fomite

450 1773 639 1811 contra
673 1761 908 1813 eundem
939 1760 1196 1822 nobilem,
1227 1760 1370 1810 sicut
1401 1770 1563 1810 antea
1596 1758 1774 1809 verbis
1807 1758 1938 1809 satis
1959 1776 2317 1824 expresseras,
2340 1778 2455 1825 pro-

452 1857 697 1906 vocatus,
759 1847 995 1912 quedam
1052 1845 1338 1911 imponens
1397 1844 1572 1893 eidem
1631 1862 1727 1909 pro
1783 1843 1940 1893 libito
2000 1842 2305 1894 voluntatis
2349 1863 2449 1909 que

451 1950 636 1997 sapere
663 1931 1000 1997 pravitatem
1024 1931 1321 1980 hereticam
1346 1931 1640 1991 asserebas,
1666 1928 1847 1994 ipsum
1873 1928 1993 1994 capi
2017 1939 2071 1977 et
2089 1928 2290 1978 adduci
2315 1929 2454 1979 Pari·

449 2017 557 2066 sius
595 2026 650 2065 et
685 2016 801 2066 diro
853 2014 1158 2081 mancipari
1217 2013 1417 2064 carceri
1449 2013 1468 2043 1
1528 2013 1878 2080 procurasti3
1933 2014 2003 2063 ad
2058 2013 2209 2063 cuius
2238 2031 2449 2079 presen-

451 2100 587 2151 tiam
613 2112 922 2151 consortem
960 2100 1072 2150 eius
1111 2099 1434 2165 predictam,
1472 2116 1565 2147 seu
1603 2098 1841 2162 aliquem
1879 2098 1943 2146 de
1982 2097 2226 2147 eiusdem
2264 2097 2454 2148 nobilis

452 2204 659 2250 genere,
688 2186 961 2251 prelatum
987 2184 1155 2234 etiam
1182 2194 1236 2233 et
1262 2184 1441 2233 adhuc
1469 2182 1838 2232 consiliarium
1864 2181 2120 2247 aliquem,
2151 2200 2274 2231 cum
2305 2183 2449 2249 [quo]

450 2280 634 2335 posset
675 2269 971 2319 deliberare
1014 2287 1175 2334 super
1216 2267 1317 2318 hiis
1361 2286 1464 2333 que
1507 2267 1608 2317 sibi
1648 2266 1987 2332 imposueras
2029 2285 2124 2316 seu
2179 2266 2452 2332 imponere

450 2354 794 2416 intendebas,
825 2354 952 2403 licet
983 2354 1135 2403 velut
1165 2353 1297 2418 juris
1327 2352 1547 2417 ignarus
1579 2370 1672 2401 seu
1702 2351 1901 2400 inscius
1934 2362 1987 2399 et
2017 2350 2071 2399 in
2102 2350 2451 2416 simplicitate

451 2438 673 2488 militari
716 2438 958 2488 nutritus
1004 2437 1160 2502 dirigi
1202 2456 1363 2503 super
1407 2436 1680 2502 premissis
1713 2455 1844 2486 sano
1889 2435 2191 2501 peritorum
2235 2434 2451 2485 consilio

451 2523 747 2589 plurimum
787 2522 1070 2587 indigeret,
1112 2521 1353 2583 introire,
1395 2521 1521 2570 licet
1560 2521 1832 2570 instanter
1872 2531 1927 2569 et
1966 2519 2245 2569 humiliter
2282 2518 2454 2584 requi-

451 2607 587 2657 situs
628 2625 788 2672 super
826 2606 926 2656 hiis
967 2606 1164 2672 sepius,
1206 2625 1315 2656 non
1354 2605 1546 2655 sinisti.
1592 2608 1820 2670 Propter
1861 2605 2006 2670 quod
2047 2614 2101 2653 et
2141 2605 2315 2655 multa
2355 2603 2453 2653 alia

451 2693 715 2741 habentes
755 2702 808 2740 te
849 2702 1166 2757 suspectum
1207 2690 1400 2741 merito
1440 2701 1557 2740 tam
1597 2709 1692 2755 pro
1734 2699 1889 2754 parte
1915 2688 2282 2754 procuratoris
2322 2687 2454 2737 eius-

451 2777 576 2826 dem
618 2775 830 2837 nobilis,
876 2794 1043 2841 quam
1086 2775 1198 2825 eius
1241 2774 1506 2825 consortis
1549 2785 1604 2823 et
1660 2773 2048 2823 nonnullorum
2104 2772 2335 2822 aliorum
2392 2772 2454 2821 de

453 2860 620 2926 ipsius
653 2859 848 2909 nobilis
883 2877 1089 2924 genere,
1123 2870 1177 2908 te
1211 2860 1364 2909 velut
1395 2869 1714 2924 suspectum
1747 2857 1893 2907 dicto
1915 2856 2083 2906 nobili
2101 2875 2168 2905 ex
2187 2855 2455 2922 premissis

453 2955 506 2995 ct
546 2943 662 2994 aliis
702 2943 876 2993 causis
915 2943 1235 3009 suspicionis
1275 2943 1520 3009 pluribus
1559 2942 1798 3008 legitime
1836 2951 2174 2991 recusarunt.
2217 2941 2457 3006 Cumque

452 3040 514 3078 tu
543 3047 732 3078 causas
761 3027 1076 3078 huiusmodi
1104 3027 1396 3078 admittere
1425 3026 1667 3077 indebite
1695 3043 2015 3086 recusasses,
2037 3043 2103 3074 ex
2121 3025 2222 3074 hoc
2250 3042 2456 3074 necnon

454 3124 508 3162 et
547 3112 672 3178 quia
712 3111 937 3161 notariis
977 3111 1207 3177 publicis
1245 3111 1519 3177 requisitis
1560 3112 1705 3176 quod
1745 3112 1809 3160 de
1849 3108 2141 3176 propositis
2181 3119 2234 3157 et
2273 3107 2455 3173 petitis

454 3196 672 3263 publica
709 3196 1040 3245 conficerent
1074 3195 1442 3246 instrumenta
1477 3214 1727 3261 expresse
1763 3197 1863 3244 sub
1898 3212 2038 3259 pena
2089 3191 2454 3242 excommuni-

455 3280 682 3331 cationis
713 3299 878 3345 quam
906 3280 960 3328 in
987 3280 1131 3345 ipsos
1160 3280 1203 3330 si
1230 3291 1419 3330 eontra
1447 3280 1690 3353 facerent
1718 3277 2094 3345 promulgasti,
2117 3295 2180 3326 ne
2201 3277 2315 3342 ipsa
2337 3295 2454 3325 con-

457 3366 696 3425 ficerent,
741 3363 1012 3429 precipere
1056 3364 1453 3430 presumpsisti‚
1497 3364 1797 3414 sencientes
1855 3362 2064 3424 dietum
2120 3361 2356 3410 nobilem
2397 3379 2455 3410 ac

454 3469 506 3498 se
542 3447 916 3513 multipliciter
948 3447 1190 3499 indebite
1225 3448 1554 3514 pregravari,
1591 3467 1686 3513 pro
1722 3458 1875 3512 parte
1911 3445 2042 3495 dicti
2075 3444 2286 3505 nobilis,
2337 3462 2456 3493 con-

455 3533 614 3583 sortis
650 3543 703 3581 et
739 3531 970 3581 aliorum
1005 3532 1270 3582 nobilium
1306 3532 1678 3598 predictorum
1706 3531 1810 3581 fuit
1846 3529 2101 3580 canonice
2151 3529 2204 3578 in
2245 3528 2453 3594 scriptis

457 3620 524 3667 ad
551 3617 744 3666 Sedem
770 3616 1129 3680 apostolicam
1154 3617 1510 3682 appellatum.
1540 3616 1636 3666 Cui
1660 3635 1755 3666 seu
1780 3614 1976 3680 quibus
2002 3612 2456 3678 appellationibus

456 3713 519 3751 tu
557 3700 762 3750 deferre
799 3699 1040 3749 indebite
1078 3719 1309 3750 renuens
1347 3700 1401 3749 in
1439 3699 1572 3749 dicti
1608 3699 1801 3750 nobilis
1839 3709 1893 3748 et
1921 3697 2150 3747 aliorum
2178 3695 2455 3761 premisso-

458 3804 576 3835 rum
612 3782 972 3848 preiudicium
1006 3795 1059 3833 et
1093 3784 1387 3850 apostolice
1421 3783 1571 3833 Sedis
1605 3794 1986 3849 contemptum
2019 3779 2255 3830 severius
2301 3779 2454 3829 solito
