2540 4354
948 403 1096 438 ’san
1137 400 1263 437 xxix
2028 385 2095 438 49

77 517 392 579 ⁴'Arltaldus
438 516 640 580 Garsie,
685 517 752 568 de
799 516 976 578 Albia,
1021 515 1214 577 clerici,
1260 514 1459 566 conscii
1509 525 1565 566 et
1596 515 1886 583 participes
1933 517 2095 568 fuisse

105 589 388 653 dicuntur.
403 599 700 666 Dictusque
710 599 1016 651 Bernardus
1035 599 1298 665 populum
1316 599 1699 653 Carcassonen.
1718 599 1958 650 subdolis
1977 618 2093 666 pre-

116 681 479 735 dicationibus
497 701 560 734 ac
576 681 917 734 suasionibus
935 681 1237 749 deceptivis
1255 685 1350 749 (α),
1369 681 1660 732 adversus'
1646 681 1990 747 inquisitores
2010 683 2097 734 he·

116 764 278 820 retice
308 765 598 833 pravitatis
628 776 685 816 et
714 765 957 816 ordinem
976 765 1209 816 fratrum
1227 764 1630 832 predicatorum
1649 764 1724 816 sic
1740 765 1953 816 studuit
1971 783 2095 816 con-

86 846 280 901 citare
298 848 442 914 quod
464 849 707 915 prefatus
726 849 958 914 populus
976 849 1045 899 ad
1064 849 1288 899 domum
1306 857 1362 897 et
1379 847 1658 900 ecclesiam
1676 848 1946 899 dictorum
1981 867 2096 915 pre·

104 929 454 986 dicatorum
439 950 495 982 ιιι
516 931 867 982 multitudine
889 931 1042 997 gravi
1074 942 1131 982 et
1163 949 1437 982 armorum
1471 931 1680 998 impetu
1717 943 2095 983 concurrentes

112 1013 354 1083 ipsorum
393 1015 618 1065 domum
658 1025 715 1065 et
754 1015 1033 1065 ecclesiam
1074 1025 1477 1081 expugnarunt.
1512 1015 1770 1081 Idemque
1790 1017 2095 1066 Bernardus

107 1114 353 1151 ,carceres
398 1096 669 1148 dictorum
714 1097 1099 1164 inquisitorum
1147 1096 1276 1147 fecit
1321 1116 1417 1149 seu
1462 1097 1777 1164 procuravit
1822 1098 1998 1163 frangi
2042 1109 2096 1148 ct

250 1177 264 1190 ’
296 1177 329 1242 ”,
365 1189 422 1230 et
454 1178 582 1231 inde
617 1180 795 1246 plures
831 1181 1159 1246 dampnatos
1196 1180 1262 1230 de
1299 1179 1470 1231 heresi
1505 1179 1750 1231 abstrahi
1785 1189 1841 1231 et
1866 1181 2096 1243 libcrari,

103 1272 172 1317 «nt
214 1263 560 1330 quamplures
605 1263 795 1313 domos
842 1262 1123 1314 hominum
1171 1262 1325 1327 burgi
1371 1264 1751 1317 Carcassonen.
1798 1264 2094 1315 amicorum

24 1413 25 1417 Ἰ
100 1344 387 1400 dictorum
422 1346 828 1414 predicatorum
861 1346 1079 1414 penitus
1114 1346 1377 1407 demoliri,
1414 1347 1616 1413 prede'
1603 1366 1844 1412 ipsorum
1864 1347 2015 1398 bonis
2035 1367 2096 1398 ac

157 1427 382 1481 ”dariis
399 1439 455 1479 et
473 1429 669 1495 prediis
687 1428 948 1495 expositis
969 1428 1239 1480 vastitati.
1262 1430 1332 1479 Et
1351 1429 1482 1480 alias
1502 1431 1579 1494 (b)
1599 1430 1776 1495 plures
1802 1448 2091 1493 sermones,

103 1547 112 1562 ·.
178 1529 234 1564 m
255 1511 312 1563 in
335 1510 586 1574 ecclesiis,
613 1530 778 1578 quam
803 1521 959 1562 extra
986 1511 1198 1578 publice
1225 1511 1410 1562 fecisse
1429 1512 1627 1563 dicitur
1644 1513 1902 1563 adversus
1921 1513 2097 1580 inqui·

146 1592 307 1653 'tores
337 1604 394 1645 et
425 1594 788 1663 predicatores
806 1594 1096 1661 predictos,
1116 1613 1182 1645 ex
1201 1594 1396 1661 quibus
1415 1613 1503 1644 eos
1527 1595 1763 1659 graviter
1785 1596 2094 1659 infamavit,

130 1676 245 1732 tin
269 1677 507 1729 fidelium
528 1678 778 1729 cordibus
799 1677 1036 1728 reddidit
1071 1677 1308 1727 odiosos·
1296 1696 1626 1744 ,eorumque
1660 1697 1937 1745 processus
1984 1698 2095 1730 cor·

127 1770 309 1830 ·ptus
339 1761 566 1828 pecunia
598 1778 780 1812 coram
812 1761 1140 1827 quibusdam
1159 1761 1622 1827 predecessoribus
1640 1763 1836 1812 nostris
1857 1764 2094 1815 iomanis

108 1888 123 1910 ,
173 1843 469 1896 ntificibus
505 1854 563 1896 et
598 1844 744 1895 dicto
781 1862 901 1910 rege
943 1843 1163 1895 Francie
1212 1844 1428 1894 studuit
1466 1844 1800 1911 impugnare,
1850 1846 2095 1896 hereticis

114 1983 138 2001 ι,
167 1945 220 1979 ιι
250 1927 593 1980 credentibus
627 1938 683 1979 et
717 1927 1150 1995 receptatoribus
1185 1929 1498 1978 eorumdem
1533 1930 1805 1994 prebendo
1825 1929 2088 1981 auxilium

108 2019 120 2047 ’ν
233 2009 400 2063 ilium
427 2021 484 2062 et
512 2011 781 2074 favorem3
811 2010 1036 2078 prefatis
1067 2010 1267 2061 clericis
1296 2011 1470 2062 eidem
1505 2011 1559 2061 in
1595 2012 1899 2078 proditione
1936 2017 2005 2079 (c)
2038 2024 2092 2063 et

125 2105 140 2123 ”·
212 2092 574 2147 dicationibus
591 2105 646 2145 et
663 2094 779 2146 aliis
797 2093 1095 2146 commissis
1114 2104 1301 2145 contra
1322 2094 1557 2145 officium
1575 2095 1958 2161 inquisitorum
1979 2116 2091 2163 pre·

147 2167 197 2233 fl
244 2195 384 2230 rum
402 2177 882 2239 consentientibus,
901 2177 1362 2245 participantibus
1381 2189 1435 2229 et
1454 2178 1587 2229 alias
1606 2179 1709 2230 sibi
1722 2181 2092 2246 prestantibus

423 2260 704 2312 consilium
732 2272 787 2311 et
816 2262 1076 2312 favorem.
1110 2262 1294 2311 Preter
1323 2262 1436 2323 hec,
1456 2261 1598 2311 idem
1628 2263 1932 2315 Bernardus
1963 2283 2094 2314 non·

44 2348 45 2353 ’
108 2361 172 2406 ζμ
207 2342 378 2396 laclia
404 2344 747 2396 detestabilia
775 2344 1161 2411 presumpsisse
1177 2354 1234 2394 et
1260 2344 1589 2395 commisisse
1606 2345 1821 2408 dicitur,
1863 2365 1967 2412 que
1986 2366 2094 2397 non

143 2486 153 2494 ο
198 2467 202 2470 >
224 2466 228 2469 »
252 2436 333 2478 nt
349 2427 688 2494 presentibus
717 2429 922 2494 absque
941 2427 1138 2479 diffusa
1155 2426 1489 2478 recitationis
1508 2428 1638 2479 serie
1657 2430 1910 2482 enarrari.
1945 2431 2090 2481 Licet

56 2534 58 2539 ·
162 2504 444 2578 ⁶tursuper
459 2510 842 2579 premissorum
860 2511 1130 2578 aliquibus
1149 2522 1204 2562 et
1222 2510 1337 2561 aliis
1349 2511 1763 2562 detestabilibus
1795 2514 2093 2566 commissis

150 2608 211 2644 r
234 2610 358 2645 eum
386 2604 575 2647 contra
603 2590 814 2646 dictum
843 2595 1182 2645 Bernardum
1211 2594 1276 2644 de
1308 2594 1569 2644 mandato
1601 2595 1750 2646 Sedis
1797 2597 2091 2661 apostolice

152 2668 279 2745 *frit
314 2677 575 2730 hactenus
613 2678 953 2745 inquisitum,
994 2696 1160 2744 quam
1199 2676 1606 2742 inquisitionem
1646 2677 1799 2728 vobis
1839 2678 2093 2730 duximus

144 2751 156 2768 ’ᾗ
159 2784 232 2802 ·····
231 2756 245 2772 ⁶
247 2761 498 2831 ttendam
538 2781 551 2813 t
591 2762 835 2812 volentes
874 2772 1079 2822 tamen,
1121 2770 1183 2810 ut
1221 2777 1381 2826 super
1421 2759 1689 2825 premissis
1729 2771 1784 2809 et
1824 2762 2093 2812 nonnullis

148 2849 193 2885 ἰ·
223 2898 238 2908 ,
262 2842 519 2909 articulis,
553 2863 688 2912 quos
721 2844 876 2897 vobis
908 2846 1009 2895 sub
1042 2844 1188 2895 bulla
1221 2853 1407 2893 nostra
1442 2842 1710 2893 mittimus
1758 2843 2092 2907 interclusos,

164 2953 167 2963 ·
200 2919 276 2977 ·-'r
311 2927 506 2995 quibus
542 2928 709 2980 etiam
746 2928 924 2979 dictus
961 2927 1268 2978 Bernardus
1307 2925 1522 2992 publica
1575 2924 1799 2978 infamia
1852 2927 2093 2978 noscitur

60 3019 63 3021 ’
146 3006 379 3074 >bol-are,
413 3029 507 3079 per
539 3030 635 3062 vos
654 3010 962 3077 diligentius
981 3010 1307 3076 inquiratur,
1328 3008 1662 3059 fraternitati
1682 3020 1857 3059 vestre
1881 3028 2091 3075 presen-

158 3082 163 3084 ’
221 3118 244 3135 ι·
295 3102 480 3146 tenore
521 3094 915 3146 committimus
956 3104 1011 3144 ct
1055 3092 1399 3152 mandamus,
1435 3091 1713 3157 quatinus,
1734 3111 1847 3153 vos,
1881 3094 2092 3144 velduo

69 3211 73 3213 Δ
215 3165 378 3239 trum,
395 3176 451 3228 in
484 3177 707 3229 civitate
725 3178 1030 3229 Tholosana
1052 3177 1127 3243 (d)
1148 3176 1231 3226 vel
1266 3174 1411 3235 alibi,
1432 3174 1525 3224 ubi
1558 3175 1810 3241 expedire
1832 3175 2093 3240 videritis,

166 3248 470 3325 „predictis
504 3260 755 3312 omnibus
789 3271 844 3311 et
878 3260 994 3312 aliis
1030 3258 1251 3325 singulis
1285 3258 1340 3308 in
1375 3257 1616 3309 articulis
1669 3257 1922 3323 predictis
1971 3277 2094 3309 con·

76 3336 77 3339 Ἴ
310 3352 499 3396 contra
524 3344 865 3395 Bernardum
892 3353 948 3393 et
977 3342 1195 3393 clericos
1224 3340 1584 3407 supradictos,
1615 3358 1749 3405 quos
1778 3339 1885 3390 iam
1905 3352 2095 3407 captos

4 704 87 1006 {²

7 1004 27 1246 ξ

10 1250 139 1597 ῑ

84 3572 85 3576 ,
151 3534 176 3565 ⁴.
196 3529 240 3585 w)
265 3526 502 3586 Wadding,
525 3532 666 3574 Eubel
686 3549 696 3573 :
723 3532 952 3585 decipiens.

73 3606 77 3609 ’
157 3597 239 3661 ss)
258 3604 493 3662 Wudding,
518 3608 686 3651 Eubel:
716 3608 851 3651 aliter.

76 3707 78 3709 -
161 3670 234 3751 21¹)
255 3678 358 3735 Reg.
380 3681 516 3725 Auen.
540 3689 587 3725 et
612 3683 708 3727 Vae.
739 3701 752 3727 .·
776 3684 1074 3738 predicatione.

181 3746 236 3805 δ)
257 3749 493 3807 waldini&
520 3754 660 3797 Eubel
686 3769 696 3794 :
720 3754 909 3798 Tolosae.

911 3853 1198 3887 subustus:
1220 3854 1300 3885 -l

0 4339 9 4354 a

30 4183 33 4189 -
30 4127 33 4135 —
24 4090 34 4118 ..ῥὰ
23 3859 34 4080 ς--ἅ-ῌι-
23 3778 31 3850 ν-ῠῦκς
24 3739 29 3772 «ἐν
23 3687 27 3717 >-
22 3635 27 3676 ⁴*—
21 3541 26 3567 -ar
22 3494 25 3500 -
21 3436 22 3439 Α

60 4266 75 4275 J
79 4182 82 4183 η
79 3793 83 3795 ,
79 3549 82 3554 ι

94 4126 102 4132 ι
95 4071 97 4074 ⁴
90 3979 102 3990 ¹.
88 3941 100 3956 'r
95 3815 97 3818 <
85 3770 88 3776 ”

148 4140 173 4166 ,¹⁴
134 4115 158 4126 A·
142 4030 143 4034 Α
147 4010 154 4013 “
140 3964 161 3982 ἰ
134 3905 162 3941 Τπ-
