2540 4354
932 436 1147 469 namon·
1192 438 1273 470 xu
1981 419 2078 470 261

67 614 70 619 .
100 550 244 603 cium
271 559 328 600 et
356 558 737 615 contemptum
768 566 862 615 per
891 566 986 599 vos
1015 567 1109 599 seu
1138 549 1270 600 alios
1299 550 1364 600 de
1409 551 1669 602 mandato
1713 560 1827 614 tuo,
1873 550 2082 616 prefate

47 689 52 694 ,
99 632 406 700 inquisitor,
437 641 625 683 contra
654 631 944 683 nonnullas
975 650 1229 697 personas
1260 633 1392 683 certi
1422 633 1596 684 habiti
1623 644 1753 685 sunt
1782 651 2079 700 processus.

67 730 70 734 “
101 716 235 768 Cum
261 725 448 767 autem
476 714 633 765 certis
661 732 729 765 ex
755 714 929 767 causis
958 725 1073 766 tam
1101 716 1166 765 de
1195 726 1313 767 toto
1343 735 1594 783 processu
1621 736 1782 784 super
1810 716 2081 784 premissis

100 798 289 852 habito
322 816 416 864 per
446 797 622 849 dictos
654 797 856 848 iudices
887 798 1154 851 seculares
1187 817 1354 865 quam
1386 800 1453 850 de
1485 810 1604 851 toto
1636 818 1889 867 processu
1920 818 2083 866 super

100 879 201 937 hiis
233 899 328 948 per
360 900 455 932 vos
489 881 575 932 vel
606 880 738 933 alios
771 881 837 932 de
871 881 1133 932 mandato
1167 892 1348 933 vestro
1396 883 1747 949 postmodum
1791 885 2083 934 subsecuto

65 961 330 1019 ‘velimus
379 963 589 1031 plenius
638 963 936 1027 informari,
986 982 1049 1015 ac
1099 975 1384 1031 propterea
1435 966 1645 1017 dilectis
1679 967 1849 1018 filiis..
1870 966 2083 1018 vicariis

71 1046 319 1101 -ecclesie
366 1047 703 1113 Magalonen.
793 1047 1050 1113 dictoque
1095 1048 1263 1099 nobili
1308 1049 1507 1100 nostris
1554 1050 1743 1101 demus
1788 1049 1983 1100 litteris
2030 1049 2085 1100 in

102 1130 377 1184 mandatis
427 1140 490 1181 ut
538 1130 748 1182 dictum
799 1149 1130 1198 processum.
1180 1150 1273 1199 per
1320 1133 1538 1183 eosdem
1588 1133 1789 1184 iudices
1819 1133 2084 1183 seculares

100 1231 264 1282 super
298 1213 570 1281 premissis
608 1214 878 1277 habitum,
916 1216 1018 1265 sub
1055 1215 1527 1267 eoruminclusum
1546 1216 1728 1282 sigillis
1759 1216 2084 1282 quantocius

68 1310 75 1331 ²
103 1296 257 1353 nobis
291 1296 564 1348 destinare
599 1308 907 1365 procurent,
944 1298 1259 1349 discrecioni
1296 1309 1387 1349 tue
1422 1318 1516 1365 per
1549 1300 1848 1365 apostolica
1882 1299 2084 1365 scripta

72 1380 429 1446 „mandamus
483 1381 743 1447 quatinus
795 1399 1015 1432 omnem
1068 1400 1397 1448 processum,
1453 1400 1777 1448 omnemque
1829 1383 2085 1433 informa·

101 1463 447 1531 tionemper
491 1483 606 1527 vos,
652 1483 746 1516 seu
791 1466 857 1515 de
945 1465 1206 1516 mandato
1253 1476 1433 1516 vestro
1481 1476 1669 1517 contra
1715 1482 2086 1531 quoscumque

79 1547 277 1621 ,fiactos
302 1558 359 1598 et
383 1548 599 1599 habitos
626 1559 880 1615 pretextu
907 1549 1242 1599 executionis
1268 1549 1536 1599 sententie
1560 1550 1871 1615 supradicte
1897 1558 2086 1600 contra

0 1652 2 1665 ·
81 1631 350 1698 gnulieres
403 1632 644 1698 prefatas
695 1651 792 1699 per
842 1632 1044 1684 iudices
1098 1643 1428 1683 memoratos
1486 1633 1716 1684 fideliter
1766 1633 1822 1683 in
1872 1631 2087 1698 scriptis

82 1715 349 1769 redactos
388 1715 544 1767 nobis
584 1717 649 1767 de
690 1718 856 1767 verbo
895 1717 964 1767 ad
1005 1717 1234 1767 verbum
1272 1718 1374 1767 sub
1414 1716 1607 1767 vestris
1646 1716 1864 1766 inclusis
1903 1715 2087 1781 sigillis

99 1798 254 1853 omni
280 1817 430 1851 mora
458 1810 514 1850 et
542 1800 822 1852 occasione
850 1800 1187 1851 cessantibus
1217 1800 1541 1866 quantocius
1571 1799 1842 1850 destinare
1870 1799 2087 1852 curetis.

0 1905 4 1911 ·
89 1881 217 1936 -Νοο
248 1882 469 1950 insuper
499 1893 683 1934 totum
716 1883 1028 1935 huiusmodi
1059 1883 1344 1949 negocium
1377 1884 1445 1934 ad
1479 1894 1727 1933 nostrum
1760 1893 1815 1933 et
1847 1882 2087 1933 eiusdem

0 1966 18 2039 J
92 1963 254 2044 Sedu
286 1983 607 2019 revocamus
641 1985 890 2030 examen,
927 1967 1082 2019 vobis
1118 1967 1417 2018 districtius
1454 1967 1759 2017 inhibentes
1796 1984 1863 2016 ne
1898 1975 2087 2017 contra

92 2054 105 2080 '·
145 2050 505 2102 vocationem
553 2050 863 2102 huiusmodi
911 2050 1170 2118 quicquid
1218 2061 1552 2117 attemptare
1602 2051 1684 2099 vel
1716 2050 1890 2100 facere
1907 2067 2088 2115 presu-

26 2151 27 2154 ’
103 2161 146 2173 -·
196 2132 286 2196 tis,
314 2151 377 2185 ac
405 2135 755 2186 decernentes
784 2134 999 2185 irritum
1040 2145 1096 2185 et
1123 2133 1283 2186 inane
1312 2134 1356 2185 si
1371 2152 1522 2184 secus
1551 2151 1712 2199 super
1740 2132 1840 2183 hiis
1870 2149 1964 2198 per
1991 2150 2088 2181 vos

95 2206 104 2227 ²
145 2235 163 2257 ’-
225 2235 596 2284 quoscumque
630 2218 762 2270 alios
797 2218 1027 2270 scienter
1062 2218 1147 2269 vel
1195 2218 1507 2284 ignoranter
1556 2216 1843 2282 contigerit
1891 2226 2089 2266 attem-

183 2298 265 2352 ri.
329 2301 434 2352 Eos
494 2312 680 2353 autem
753 2321 887 2368 quos
921 2302 1306 2369 premissorum
1378 2301 1657 2352 occasione
1720 2298 1935 2366 cepistis
1996 2316 2088 2349 seu

192 2384 428 2444 cetastis,
457 2404 550 2436 seu
587 2385 707 2452 capi
740 2386 825 2437 vel
875 2385 1131 2438 arrestari
1165 2384 1385 2448 fecistis,
1415 2395 1631 2450 recepta
1662 2385 1731 2437 ab
1768 2383 1841 2433 eis
1873 2381 2091 2432 nomine

28 2462 33 2514 s
112 2492 163 2525 f·
189 2475 290 2519 tro
344 2477 400 2518 et
455 2486 550 2535 pro
608 2479 762 2536 parte
819 2469 969 2520 Sedis
1024 2469 1266 2520 eiusdem
1331 2470 1542 2534 ydonea
1613 2466 1864 2518 cautione
1945 2464 2090 2531 quod

131 2550 134 2555 ’
223 2567 254 2602 o
284 2551 516 2603 termino
549 2553 914 2619 peremptorio
947 2552 1281 2619 competenti
1315 2570 1408 2618 per
1439 2569 1554 2612 vos,
1574 2549 1773 2617 prefati
1804 2548 2092 2614 inquisitor

115 2630 193 2707 {31
222 2632 673 2697 -locumtenentes,
711 2636 785 2687 eis
825 2636 1136 2703 preflgendo
1173 2635 1472 2702 apostolico
1510 2631 2091 2699 conspectuipersona-

188 2734 231 2767 r
272 2734 328 2768 se
373 2729 690 2784 presentent
736 2739 766 2771 a
814 2737 1025 2770 carcere
1069 2737 1162 2770 seu
1209 2728 1414 2769 arresto
1463 2715 1773 2767 huiusmodi
1830 2713 2085 2774 liberetis,

127 2798 264 2852 bis
285 2800 429 2852 diem
453 2802 767 2869 prefixionis
794 2802 1103 2853 huiusmodi
1126 2813 1182 2852 et
1220 2801 1477 2868 quicquid
1516 2817 1676 2865 super
1714 2799 1812 2849 hiis
1851 2796 2082 2848 feceritis

134 2878 139 2882 ’
230 2894 440 2936 vestras
471 2885 682 2936 litteras
717 2886 1041 2951 quantocius
1088 2885 1411 2937 intimando,
1461 2911 1528 2921 -
1564 2878 2084 2951 Datum-{Avinionk

146 2964 263 3019 nis
294 2967 496 3034 aprilis,
532 2986 675 3020 anno
712 2969 904 3035 quinto
940 2969 977 3020 ².

126 3175 209 3250 2}-
234 3198 412 3254 Aymon
442 3201 499 3243 de
529 3200 771 3250 Caumout3
804 3215 848 3242 n.
882 3200 980 3252 162,
1012 3207 1117 3242 note
1150 3200 1188 3241 1.

143 3266 212 3337 ο2.
242 3268 327 3312 Sur
348 3277 467 3312 cette
490 3270 659 3323 affaire,
684 3270 780 3312 voir
803 3270 921 3312 bullo
946 3270 1209 3324 precedente
1234 3276 1279 3311 et
1306 3284 1346 3310 n.
1376 3269 1470 3310 177.
