2540 4354
457 359 559 415 384
842 378 1131 414 nummum
1173 382 1247 413 DE
1282 358 1698 424 L'momsrrmN
1736 382 2053 428 FRANQAISE

455 496 741 557 Bidonem,
777 495 820 545 si
853 495 908 546 in
941 494 1141 546 iudicio
1177 498 1505 548 conscientie
1538 510 1632 550 tue
1666 500 2040 553 tibivideatur
2071 502 2216 568 quod
2251 503 2319 554 ad
2368 504 2467 554 hoc

455 580 624 646 ipsius
667 579 890 630 Bidonis
936 580 1130 632 merita
1149 582 1538 647 suffragantur,
1596 584 1864 636 liberandi
1906 604 1935 636 a
1979 586 2224 652 predicto
2258 605 2465 638 carcere

454 675 511 714 et
548 664 651 714 sihi
688 663 823 715 alias
861 664 1196 730 penitentias
1237 667 1503 717 salutares
1557 668 1890 719 auctoritate
1941 671 2241 735 apostolica
2293 671 2466 737 impo-

455 747 621 798 nendi
659 747 975 798 huiusmodi
1015 749 1189 799 heresi
1227 768 1323 815 per
1359 768 1485 800 eum
1525 751 1778 817 primitus
1832 754 2084 805 abiurata
2137 755 2240 804 tibi
2278 766 2464 806 tenore

454 831 794 896 presentium
844 833 1194 884 concedimus
1244 834 1589 886 facultatem.
1639 865 1708 871 —
1757 837 1964 887 Datum
2014 840 2159 904 apud
2214 841 2465 890 Pontem-

455 915 647 980 sorgie‚
679 915 1004 968 Avinionen.
1037 917 1281 980 diocesis,
1314 938 1354 968 11
1385 918 1505 969 idus
1538 920 1683 982 maii,
1715 940 1857 972 anno
1889 922 2080 987 primo,

516 1060 557 1100 1.
591 1058 792 1111 J'ignore
823 1059 863 1100 le
896 1074 1003 1100 nom
1035 1061 1097 1101 du
1130 1075 1386 1102 successeur
1419 1062 1473 1102 de
1508 1062 1762 1103 Guillaume
1795 1063 2041 1116 Chevalier,
2076 1066 2188 1116 eree,
2222 1078 2281 1116 on
2312 1063 2352 1105 le
2367 1064 2472 1110 saie

454 1129 711 1185 patriarche
733 1130 789 1171 de
812 1129 1080 1183 Jerusalem,
1103 1131 1143 1172 le
1167 1132 1220 1172 22
1244 1131 1342 1184 juin
1366 1132 1478 1172 1369
1506 1132 1564 1185 (n.
1591 1133 1689 1186 236,
1715 1142 1821 1174 note
1845 1134 1903 1187 2).
1942 1134 1999 1175 Ce
2022 1134 2094 1175 fut
2130 1136 2355 1189 peut-etro
2379 1135 2470 1177 Du-

449 1201 565 1242 rand
591 1199 759 1242 Salvan
788 1199 847 1254 (n.
875 1201 974 1254 206,
1001 1209 1109 1242 note
1131 1202 1192 1255 3).

510 1272 550 1312 2.
586 1270 770 1325 Peyriac
800 1270 979 1326 (Aude),
1005 1272 1215 1314 chef-lieu
1239 1274 1294 1314 de
1320 1282 1458 1328 cant„
1483 1276 1662 1317 arrond.
1688 1276 1744 1318 de
1769 1276 2086 1319 Carcassonne.

514 1345 554 1384 3.
589 1341 712 1395 Voir,
734 1356 810 1384 sur
830 1341 892 1384 les
915 1342 1164 1398 capitaines
1186 1344 1242 1385 de
1262 1343 1454 1387 routiers
1475 1344 1676 1402 inculpes
1698 1345 1930 1402 &het-esic,
1951 1346 1993 1390 le
2014 1362 2058 1392 n.
2095 1348 2195 1403 236,
2231 1356 2338 1391 note
2371 1349 2412 1392 4.

1235 1797 1310 1805 —
1341 1762 1597 1823 263-267
1629 1798 1702 1806 —

530 1926 724 1976 Lettres
763 1926 823 1975 de
871 1924 1116 1989 Gregoire
1154 1926 1244 1975 XI
1284 1944 1354 1975 au
1395 1937 1552 1976 comte
1591 1928 1815 1977 Ανηέάἑε
1852 1928 1912 1978 de
1950 1928 2155 1990 Savoie’,
2196 1932 2228 1978 ἀ
2267 1919 2466 1994 Ᾰῃνηαν

469 2011 564 2073 VI,
612 2021 770 2060 comte
814 2010 874 2059 de
926 2010 1275 2071 ValentinoiS,
1325 2029 1395 2059 αιι
1442 2030 1762 2075 gouverneur
1806 2012 1876 2061 du
1920 2013 2223 2078 Βααρήίηὲ,
2271 2017 2302 2062 ἀ
2347 2013 2464 2063 l’ar-

454 2095 701 2160 cheveque
742 2094 1044 2144 d’Embrun
1085 2105 1129 2143 et
1171 2098 1204 2143 ἀ
1246 2094 1467 2160 Γένέᾳιιθ
1508 2095 1569 2145 de
1619 2096 1839 2146 Valence
1880 2115 2015 2161 pour
2056 2097 2127 2147 les
2168 2097 2395 2146 exhorter
2433 2101 2464 2147 ὰ

451 2180 707 2246 savoriser
748 2190 793 2229 et
833 2182 865 2228 ἀ
907 2179 1149 2229 seconder
1192 2179 1402 2229 l’oeuvre
1444 2179 1504 2230 de
1546 2179 1917 2246 l’Inquisition
1957 2181 2091 2231 dans
2133 2182 2270 2232 leurs
2312 2192 2462 2231 terres

453 2283 520 2314 ou
556 2264 693 2314 leurs
729 2263 952 2314 dioceses
983 2263 1020 2314 ¹.
1058 2292 1127 2298 —
1162 2263 1432 2328 Avignon‚
1471 2264 1535 2315 27
1574 2282 1716 2316 mars
1756 2264 1906 2317 1372.

795 2397 900 2450 Reg.
929 2396 1045 2450 Vat„
1070 2404 1102 2438 t.
1130 2410 1353 2450 ccnxvm,
1377 2397 1452 2439 fol.
1479 2399 1562 2440 128
1587 2403 1652 2441 νῦ.

531 2518 740 2569 Dilecto
791 2517 902 2568 filio
947 2517 1119 2568 nobili
1163 2517 1280 2567 viro
1329 2518 1569 2569 Amedeo
1590 2517 1626 2581 ²,
1647 2519 1835 2570 comiti
1873 2520 2164 2585 Sabaudie‚
2213 2521 2460 2583 salutem,

455 2615 558 2655 etc.
601 2632 669 2637 —
708 2603 843 2652 Cum
882 2620 952 2652 ex
990 2601 1237 2652 iniuncto
1278 2602 1434 2652 nobis
1474 2603 1602 2654 licet
1641 2603 1926 2654 immeritis
1967 2605 2263 2671 apostolice
2302 2603 2462 2655 servi·

454 2689 592 2740 tutis
633 2688 806 2738 officio
849 2687 1179 2738 catholicam
1221 2688 1386 2738 fidem
1426 2689 1734 2754 specialiter
1771 2690 1913 2739 tueri
1951 2700 2237 2741 teneamur
2274 2689 2462 2755 ipsius-

455 2791 559 2839 que
599 2791 694 2839 pro
734 2772 943 2822 viribus
983 2772 1215 2822 ubilibet
1252 2772 1591 2824 incrementa
1631 2775 1950 2839 producere,
1989 2793 2051 2825 ac
2089 2793 2208 2826 eam
2247 2793 2274 2824 a
2315 2772 2461 2824 mali·

453 2876 685 2924 gnorum
725 2868 780 2907 et
820 2874 1119 2923 pravorum
1159 2858 1533 2923 quorumlibet
1573 2859 1936 2909 hereticorum
1976 2858 2259 2925 presertim
2298 2868 2460 2922 atque

454 2941 816 3003 credentium,
874 2941 1176 3003 fautorum,
1236 2941 1583 2993 defensorum
1641 2962 1703 2995 ac
1759 2953 2168 3010 receptatorum
2224 2942 2459 3008 ipsorum

455 3027 654 3078 dolosis
698 3026 907 3076 insidiis
949 3036 1004 3075 et
1047 3025 1277 3076 fallaciis
1319 3026 1686 3079 fraudulentis
1729 3027 2014 3093 oportunis
2056 3025 2307 3077 remediis
2347 3040 2460 3091 pre·

455 3129 689 3172 servare,
723 3110 890 3161 nimio
923 3111 1107 3160 dolore
1137 3111 1409 3176 replemur
1441 3131 1564 3161 cum
1595 3113 1848 3162 audimus
1869 3112 2079 3178 aliquos
2098 3112 2183 3161 vel
2201 3109 2461 3161 sentimus

455 3196 525 3246 ad
564 3195 733 3261 ipsius
776 3195 903 3245 fidei
942 3194 1347 3262 depressionem
1388 3197 1776 3262 qualicumque
1817 3196 2052 3261 maligna
2092 3206 2209 3246 rate
2248 3208 2459 3244 consur-

459 3298 579 3346 gere
608 3290 665 3330 et
695 3278 765 3330 ad
797 3279 1212 3330 demolitionem
1243 3280 1400 3331 vinee
1435 3281 1655 3331 Domini
1686 3282 1921 3341 sabaoth
1951 3280 2202 3347 nequiter
2231 3277 2458 3331 anelare.

458 3364 598 3415 Sane
639 3381 812 3430 nuper
855 3364 925 3415 ad
968 3374 1222 3416 nostrum
1262 3383 1375 3416 non
1416 3365 1530 3416 sine
1572 3366 1749 3417 cordis
1792 3364 2162 3416 amaritudine
2217 3357 2459 3429 pervenit

457 3449 712 3499 auditum
757 3449 905 3514 quod
949 3448 1004 3498 in
1046 3450 1324 3500 nonnullis
1367 3460 1461 3500 tue
1506 3450 1703 3501 ditioni
1778 3449 2037 3501 subiectis
2094 3459 2148 3498 et
2193 3444 2459 3512 aliquibus

457 3532 574 3582 aliis
630 3532 1032 3582 circumvicinis
1088 3534 1340 3599 partibus
1394 3536 1530 3586 adeo
1586 3546 1842 3602 patenter
1896 3533 2130 3584 heretice
2175 3525 2457 3599 pravitatis

458 3634 604 3665 error
658 3616 897 3666 invaluit
953 3618 1098 3682 quod
1167 3618 1373 3670 ibidem
1428 3619 1823 3686 quamplurimi
1877 3638 1906 3670 a
1962 3617 2195 3667 veritate
2249 3626 2456 3680 prorsus

460 3700 639 3751 aversi
672 3710 866 3750 euntes
904 3712 1028 3766 post
1064 3702 1285 3754 devium
1322 3703 1580 3755 falsitatis
1616 3723 1678 3756 ac
1714 3703 1916 3770 seipsos
1953 3701 2177 3751 diversis
2211 3709 2266 3748 et
2301 3692 2455 3746 variis

460 3783 742 3852 heresibus
804 3786 1143 3836 maculantes
1205 3788 1488 3854 pestiferas
1550 3789 1616 3839 ad
1679 3786 2104 3838 concutiendum
2165 3781 2457 3833 orthodoxe
