2540 4354
420 375 486 426 18
808 393 1094 425 BULLAIRE
1138 393 1212 422 DE
1257 373 1670 431 L’1NomslrioN
1717 387 2036 430 FRANcAisE

415 526 538 556 sous
565 506 959 572 l'approbation
985 507 1056 555 du
1083 505 1285 570 pontise
1313 504 1596 563 lui-meme,
1627 505 1657 550 ἁ
1688 500 1936 566 Aymeric
1978 501 2151 550 Castel
2190 500 2227 561 2,
2277 502 2422 551 bour·

418 591 557 656 geois
584 591 643 640 de
671 592 1049 651 Carcassonne,
1082 608 1154 639 un
1181 589 1268 638 des
1294 587 1622 655 principalia:
1650 586 1920 635 inte'resseis
1946 585 2080 634 dans
2098 584 2337 650 l’affaire.
2360 614 2427 622 ——

416 674 685 739 Avignon,
720 675 751 724 6
783 675 1091 740 septembre
1127 672 1276 722 1309.

769 821 874 874 Reg.
908 821 1022 873 Vae„
1050 827 1085 863 t.
1115 834 1206 871 LVI,
1235 834 1277 862 n.
1309 818 1407 871 950,
1449 817 1525 859 fol.
1568 817 1652 858 194
1685 821 1759 866 v⁰·‚
1797 817 1904 871 Reg.
1949 815 2080 859 Clem.
2126 816 2182 870 V,
2223 831 2266 858 n.
2315 817 2426 859 4754

713 891 886 945 (anal.);
924 890 1108 942 Douais,
1154 890 1236 930 Les
1284 888 1542 930 manuscrits
1589 887 1649 930 du
1696 887 1872 929 chateau
1920 887 1970 929 de
2011 886 2224 939 Merville,
2268 902 2311 942 p.
2355 887 2429 942 71,

719 968 824 1003 note
852 961 873 1001 1
910 960 975 1014 (in
1003 958 1121 1012 ext.);
1152 959 1306 1002 Mahul
1334 958 1368 1013 ³,
1398 957 1641 1001 Cartalaire
1682 957 1742 999 du
1757 957 1918 1000 diocese
1934 957 1985 999 cle
1999 957 2309 1009 Carcassonne,
2327 964 2361 998 t.
2379 972 2428 1010 v,

727 1047 769 1086 p,
798 1033 894 1074 628.

489 1173 710 1225 Dilectis
748 1173 868 1225 filiis
901 1172 1318 1240 inquisitoribus
1353 1170 1588 1224 heretice
1622 1170 1916 1239 pravitatis
1950 1170 2005 1223 in
2031 1169 2281 1238 partibus
2301 1170 2423 1223 Car-

411 1275 692 1310 cassonen.
751 1257 1086 1309 constitutis.
1157 1287 1225 1295 -
1281 1255 1425 1308 Olim
1479 1256 1636 1307 nobis
1691 1275 1758 1307 ex
1827 1267 1985 1322 parte
2055 1256 2423 1321 quorumdam

414 1341 698 1391 hominum
736 1342 803 1392 de
838 1341 1089 1407 partibus
1128 1342 1512 1393 Carcassonen.
1553 1340 1706 1405 gravi
1743 1339 1848 1390 fuit
1884 1350 1940 1389 et
1975 1339 2261 1390 lacrimosa
2301 1358 2423 1389 eon·

412 1426 696 1490 questione
738 1437 1109 1477 monstratum
1149 1427 1295 1492 quod
1336 1444 1431 1491 per
1467 1424 1817 1490 inquisitores
1857 1423 2150 1490 pravitatis
2191 1423 2423 1474 heretice

408 1509 629 1559 illarum
668 1510 910 1576 partium
951 1510 1045 1576 qui
1081 1521 1214 1565 tunc
1253 1520 1410 1560 erant
1448 1520 1503 1560 et
1541 1528 1637 1576 pro
1677 1519 1924 1576 tempore
1977 1508 2197 1559 fuerant
2250 1508 2421 1559 multa

407 1594 630 1644 fuerant
673 1594 774 1645 illis
819 1594 1015 1660 injurie
1061 1605 1116 1646 et
1162 1593 1481 1660 gravamina
1527 1593 1765 1659 irrogata
1812 1604 1867 1644 et
1910 1592 2085 1660 iniqui
2143 1611 2423 1660 processus

412 1689 601 1729 contra
648 1680 823 1730 Deum
866 1691 921 1728 et
960 1679 1240 1744 justiciam
1283 1678 1460 1730 habiti
1501 1689 1692 1729 contra
1734 1697 1840 1729 eos.
1887 1679 2066 1742 Quare
2107 1676 2424 1744 suppliciter

411 1765 767 1828 postularunt
807 1775 869 1813 ut
910 1763 1012 1814 sibi
1053 1782 1215 1830 super
1255 1763 1356 1814 hiis
1399 1763 1748 1828 dignaremus
1791 1763 1857 1813 de
1877 1772 2153 1828 oportuno
2184 1761 2423 1812 remedio

411 1847 714 1913 providere.
753 1849 862 1898 Nos
897 1867 1026 1910 vero
1060 1867 1248 1898 eorum
1283 1847 1533 1898 clamosis
1567 1859 1622 1897 et
1656 1847 2037 1913 frequentibus
2071 1846 2423 1913 supplicatio-

411 1931 571 1982 nibus
610 1931 874 1994 inclinati,
915 1932 1214 1984 venerabili
1251 1932 1409 1983 fratri
1449 1934 1628 1995 Petro,
1649 1932 1903 1998 episcopo
1926 1931 2263 1993 Penestrino,
2290 1941 2422 1981 tunc

411 2015 561 2066 tituli
587 2016 764 2069 sancti
792 2017 1006 2081 Vitalis,
1033 2028 1087 2068 et
1114 2017 1324 2069 dilectis
1355 2016 1476 2069 filiis
1504 2016 1703 2068 nostris
1730 2015 2077 2082 Berengario,
2118 2015 2268 2066 tituli
2300 2035 2418 2066 san-

410 2110 624 2151 ctorum
666 2101 824 2151 Nerei
863 2113 917 2152 et
958 2101 1186 2153 Achillei
1223 2101 1536 2168 presbiteris
1578 2100 1965 2163 cardinalibus,
2021 2100 2115 2166 qui
2133 2099 2421 2166 preceteris

413 2183 781 2236 cardinalibus
811 2205 1168 2252 personarum
1198 2196 1254 2236 et
1282 2186 1634 2252 negociorum
1662 2185 1879 2236 illarum
1899 2185 2141 2251 partium
2161 2184 2422 2235 noticiam

410 2268 665 2318 obtinent
699 2270 1014 2337 pleniorem,
1052 2270 1311 2320 duximus
1348 2270 1830 2331 committendum,
1868 2280 1930 2319 ut
1965 2288 2090 2320 cum
2111 2287 2205 2335 per
2239 2279 2421 2335 partes

408 2352 524 2403 illas
567 2353 866 2405 transitum
907 2354 1083 2404 facere
1126 2364 1259 2405 tunc
1302 2355 1587 2416 haberent,
1630 2373 1682 2405 se
1727 2355 1790 2404 de
1834 2353 2108 2420 premissis
2129 2345 2420 2420 propositis

409 2447 463 2486 et
491 2436 607 2488 aliis
631 2437 1000 2491 incidentibus
1050 2439 1261 2507 plenius
1298 2439 1661 2491 informarent
1702 2450 1759 2490 et
1804 2437 2067 2506 quiequid
2111 2457 2271 2504 super
2321 2436 2420 2488 hiis

415 2520 725 2573 invenirent
772 2523 927 2575 nobis
979 2524 1211 2575 fideliter
1242 2524 1438 2575 referre
1475 2534 1766 2575 curarent:
1792 2524 1998 2574 eisdem
2035 2522 2419 2573 nichilominus

408 2606 818 2658 committentes
873 2619 936 2657 ut
970 2608 1213 2674 personis
1258 2609 1720 2674 prosequentibus
1762 2607 2084 2673 hujusmodi
2131 2607 2417 2672 negocium

407 2690 738 2741 auctoritate
774 2703 960 2743 nostra
1011 2693 1077 2742 de
1116 2692 1413 2743 securitate
1459 2694 1694 2758 ydonea,
1746 2693 2020 2758 pendente
2061 2691 2209 2742 dicto
2258 2710 2417 2756 nego-

405 2774 505 2835 cio,
557 2776 911 2840 providerent
959 2796 1024 2827 ne
1075 2797 1168 2843 per
1214 2778 1565 2843 inquisitores
1615 2777 1889 2843 predictos
1938 2787 2164 2842 possent
2184 2774 2415 2841 gravari,

405 2869 503 2908 aut
541 2878 634 2924 per
673 2861 945 2911 maliciam
984 2861 1280 2924 molestari,
1320 2872 1484 2928 prout
1522 2863 1619 2911 hec
1657 2872 1712 2911 et
1749 2860 1853 2911 alia
1891 2861 1946 2911 in
1985 2860 2183 2911 nostris
2221 2859 2416 2910 litteris

405 2961 565 3008 super
589 2945 689 2994 hoc
715 2944 816 2995 sibi
841 2945 1058 2996 directis
1084 2945 1294 3012 plenius
1321 2946 1690 2997 continentur.
1720 2945 1926 2997 Prefati
1950 2964 2077 2995 vero
2118 2945 2416 2995 cardinales

403 3026 457 3076 in
495 3029 784 3079 commisso
822 3030 1043 3095 negocio
1081 3031 1457 3096 procedentes,
1498 3030 1787 3096 Aymerico
1825 3031 1889 3079 de
1928 3031 2137 3092 Castro,
2163 3027 2416 3095 burgensi

405 3112 809 3175 Carcassonen.,
856 3114 949 3179 qui
991 3115 1056 3164 de
1100 3115 1560 3181 prosequentibus
1605 3115 1883 3181 prefatum
1902 3113 2188 3180 negocium
2230 3112 2416 3164 extitit

402 3206 458 3245 et
502 3195 691 3247 existit
742 3208 797 3247 et
851 3197 1186 3265 quibusdam
1240 3199 1356 3250 aliis
1410 3210 1545 3249 tunc
1582 3198 1871 3265 negocium
1915 3198 2195 3265 prefatum
2238 3216 2413 3265 prose-

404 3281 698 3344 quentibus
748 3282 1100 3333 securitatem
1149 3283 1468 3350 hujusmodi
1516 3284 1789 3351 pendente
1817 3282 2040 3350 negocio
2083 3282 2413 3334 auctoritate

402 3364 703 3429 apostolica
758 3366 1136 3432 prestiterunt,
1190 3366 1308 3417 illos
1360 3367 1684 3434 recipientes
1738 3369 1840 3418 sub
1887 3366 2227 3433 protectione
2265 3364 2412 3417 Sedis

401 3448 699 3512 apostolice
746 3462 913 3516 atque
948 3470 1061 3502 sua.
1114 3451 1223 3501 Nos
1271 3463 1459 3502 autem
1507 3452 1715 3502 dictam
1761 3451 2116 3502 securitatem
2162 3451 2235 3501 sic
2297 3468 2411 3516 pre-

401 3532 591 3582 stitam
635 3545 689 3583 ct
732 3535 1101 3602 receptionem
1145 3538 1245 3587 sub
1290 3537 1630 3603 protectione
1676 3535 1919 3603 predicta
1942 3547 2089 3587 ratas
2133 3547 2187 3586 et
2232 3546 2411 3601 gratas

400 3616 681 3678 habentes,
708 3618 851 3684 ipsas
879 3621 1059 3684 quoad
1087 3619 1298 3670 dictum
1325 3621 1694 3687 Aymericum,
1722 3620 1815 3686 qui
1841 3639 1985 3670 nunc
2024 3620 2158 3670 dicti
2204 3616 2412 3685 negocii

401 3708 715 3763 prosecutor
750 3703 954 3764 existit,
992 3705 1245 3754 volumus
1308 3717 1363 3755 et
1412 3705 1739 3771 precipimus
1788 3703 2180 3755 inviolabiliter
2229 3705 2406 3754 obser-

399 3783 530 3834 vari.
575 3785 711 3848 Quia
753 3806 879 3836 vero
922 3788 1165 3853 prefatus
1207 3789 1526 3869 Aym'ericus
1569 3808 1661 3855 per
1701 3808 1796 3839 vos
1839 3788 2161 3854 gravamina
2203 3799 2256 3837 et
2296 3786 2407 3836 vio-

2536 3663 2540 3693 l

2536 3700 2540 3718 ς

2534 3742 2539 3836 ι’
