2540 4354
874 382 1140 437 emitum-r
1180 402 1258 439 vn
1952 394 2051 451 451

59 521 384 577 uiusmodi
433 517 928 591 supplicationibus
980 517 1227 570 inclinati
1278 520 1482 571 eisdem
1541 522 1716 576 Iudeis
1768 538 1825 578 et
1867 527 2053 582 Iudea-

56 618 176 660 ‚ius
212 616 402 658 tenore
442 600 776 670 presentium
818 600 1162 667 indulgemus
1203 613 1266 653 ut
1305 603 1559 670 deinceps
1600 605 1702 672 ipsi
1742 611 1828 661 vel
1868 630 2053 662 eorum

64 721 78 754 g
102 686 264 756 liquis
297 685 491 754 quavis
522 683 803 737 occasione
834 684 921 735 vel
952 701 1113 734 causa
1132 684 1746 752 coraminquisitoribus
1763 693 2053 757 pravitatis

59 801 109 835 „w
148 769 311 825 dicte
354 767 699 837 presentibus
742 777 843 818 aut
885 766 1103 828 futuris,
1151 769 1236 818 vel
1280 768 1462 835 aliquo
1509 775 1842 837 eorumdem,
1887 776 2053 828 etiam

152 851 600 921 inquisitionibus
627 850 715 902 vel
745 849 920 902 causis
950 867 1097 901 nunc
1127 867 1309 900 coram
1339 851 1412 903 eis
1445 856 1806 919 pendentibus
1837 876 2055 924 respon·

61 962 68 968 ’
108 953 197 991 ere
240 934 464 988 minime
506 944 820 997 teneantur,
865 950 966 984 nec
1009 934 1079 987 ad
1126 932 1179 985 id
1225 952 1255 987 a
1303 953 1579 1001 quoquam
1626 938 1788 990 inviti
1834 942 2053 992 valeant

169 1017 330 1082 rtari3
357 1018 606 1071 volentes
620 1028 680 1069 et
705 1015 875 1069 etiam
890 1027 1200 1069 statuentes
1217 1028 1280 1067 ut
1296 1036 1457 1084 super
1477 1019 1579 1071 illis
1595 1040 1757 1088 super
1774 1024 1970 1089 quibus
1987 1026 2052 1076 de

108 1130 130 1147 ππ
167 1102 370 1155 velde
386 1099 781 1153 consuetudine
798 1116 982 1151 coram
1017 1099 1330 1152 huiusmodi
1371 1101 1784 1168 inquisitoribus
1832 1124 2053 1173 respon·

179 1223 183 1227 -
207 1184 342 1239 alias
356 1192 693 1246 tenerentur,
710 1198 894 1234 coram
910 1183 1153 1234 locorum
1173 1184 1456 1236 ordinariis
1473 1187 1750 1239 duntaxat
1764 1200 1821 1240 et
1841 1190 2055 1242 ordina·

97 1268 112 1329 f
197 1266 397 1320 iudicio
434 1268 677 1320 debeant
712 1266 1039 1332 respondere
1056 1264 1093 1316 ¹.
1139 1266 1247 1319 Nos
1286 1267 1430 1318 enim
1471 1269 1736 1322 habentes
1777 1289 1960 1323 omnes
2000 1282 2056 1324 et

97 1349 114 1366 ⁶
165 1377 177 1411 2
246 1368 306 1403 as
331 1348 711 1417 inquisitiones
737 1359 795 1400 et
821 1366 1015 1400 causas
1040 1349 1174 1400 alias
1201 1362 1389 1402 contra
1426 1351 1617 1403 Iudeos
1642 1365 1697 1403 et
1721 1353 1910 1406 Iudeas
1939 1372 2054 1421 pre-

0 1479 5 1507 .·
104 1433 244 1487 ‘ctos
269 1444 328 1486 et
355 1449 542 1485 eorum
571 1431 875 1499 quemlibet
904 1449 1085 1483 coram
1114 1433 1318 1485 eisdem
1347 1434 1759 1500 inquisitoribus
1789 1437 2052 1488 indecisas

93 1500 367 1570 ‘ndentes
411 1526 469 1567 et
512 1525 724 1567 statum
770 1531 957 1567 earum
1004 1526 1059 1566 et
1106 1516 1393 1568 cuiuslibet
1437 1517 1679 1583 ipsarum
1726 1538 1788 1570 ac
1833 1520 2052 1572 nomina

6 1595 9 1598 ’
96 1610 101 1616 “
178 1598 500 1666 cognomina
556 1597 798 1666 partium
853 1599 1195 1664 presentibus
1251 1618 1346 1665 pro
1400 1602 1685 1666 expressis,
1726 1602 1841 1654 illas
1883 1603 2050 1654 etiam

18 1706 19 1711 ¹
106 1739 111 1743 ,
146 1682 204 1736 in
233 1682 310 1735 eis
344 1683 433 1734 vel
464 1681 709 1749 ipsarum
744 1681 927 1747 aliqua
965 1683 1278 1733 conclusum
1314 1683 1517 1734 existat
1552 1686 1621 1738 ab
1657 1685 1785 1751 ipsis
1833 1685 2053 1751 inquisi-

103 1816 110 1823 „
162 1765 175 1780 ⁸
197 1784 280 1818 -us
303 1776 492 1818 tenore
515 1764 850 1832 presentium
867 1765 1221 1826 advocamus,
1238 1777 1295 1816 et
1311 1785 1398 1817 eas
1416 1768 1485 1819 ad
1503 1768 1742 1818 locorum
1761 1769 2052 1820 ordinario·

0 1890 20 1922 ¹.
107 1858 141 1879 ‘v
173 1885 177 1893 ·
215 1865 452 1902 examen
477 1847 813 1900 remittimus
843 1866 938 1913 per
965 1860 1259 1913 presentes,
1292 1859 1353 1899 ut
1381 1850 1483 1915 ipsi
1512 1851 1769 1901 ordinarii
1796 1870 1884 1901 eas
1916 1851 2053 1902 ordi-

177 1931 191 1945 “
265 1931 463 1984 iudicio
504 1931 759 1997 legitimis
802 1948 896 1996 per
935 1932 1154 1982 eosdem
1195 1931 1540 1997 inquisitores
1584 1933 1782 1986 habitis
1824 1933 2051 1987 servatis

152 2014 410 2068 ssibus
456 2014 687 2066 audiant
729 2024 786 2065 et
830 2013 1017 2064 debito
1067 2015 1171 2065 fine
1216 2015 1473 2068 decidant
1530 2028 1584 2066 et
1642 2015 1846 2069 faciant
1902 2017 2046 2082 quod

114 2094 116 2099 ’
264 2097 408 2150 erint
440 2097 594 2148 iuxta
625 2096 934 2150 sanctiones
968 2097 1255 2150 canonicas
1305 2097 1530 2148 firmiter
1574 2098 1867 2150 observari.
1920 2099 2053 2149 Con·

135 2191 196 2219 “···
238 2178 472 2242 ionibus,
525 2178 820 2246 privilegiis
873 2191 929 2231 et
980 2179 1177 2231 litteris
1229 2180 1541 2247 apostolicis
1595 2182 1929 2246 generalibus
1965 2181 2048 2231 vel

35 2274 41 2278 ”
123 2259 167 2334 ,μ’
199 2262 391 2316 'libus
443 2264 547 2316 sub
577 2281 946 2330 ·quacumque
999 2264 1173 2318 forma
1227 2264 1315 2316 vel
1365 2264 1709 2330 expressione
1763 2265 2052 2315 verborum

136 2336 157 2411 ζ
273 2345 336 2398 is
378 2347 465 2399 vel
509 2344 867 2399 cdbcedendis
913 2346 1273 2413 imposterum
1317 2347 1600 2399 contrariis
1646 2364 1755 2399 non
1788 2346 2052 2398 obstanti-

134 2426 136 2431 ’
209 2429 663 2498 quibuscumque.
710 2430 782 2481 Et
819 2429 1042 2497 insuper
1081 2446 1296 2481 exnunc
1349 2429 1563 2481 irritum
1616 2430 1953 2482 decernimus
1992 2440 2049 2480 et

133 2559 173 2589 Ι,
216 2550 218 2553 .
254 2512 303 2566 si
327 2531 482 2565 secus
514 2511 668 2583 [etc.].
689 2513 942 2564 Ceterum
962 2531 1087 2564 cum
1102 2512 1306 2564 eisdem
1331 2512 1506 2563 Iudeis
1523 2524 1578 2563 et
1603 2512 1870 2565 Iudeabus
1891 2512 2051 2563 valde

140 2663 143 2670 ¹
268 2633 273 2638 -
328 2597 649 2650 redderetur
699 2606 973 2662 presentes
1026 2595 1238 2647 litteras
1288 2613 1383 2663 pro
1432 2595 1673 2662 ipsorum
1723 2595 1943 2661 singulis
1999 2594 2052 2644 in

152 2691 165 2751 s
231 2689 294 2734 et
327 2678 539 2732 iudiciis
574 2679 630 2733 in
667 2679 866 2747 quibus
901 2697 992 2731 eos
1028 2678 1157 2745 ipsis
1196 2678 1434 2744 indigere
1472 2677 1756 2743 contigerit
1782 2677 2054 2737 exhibere,

143 2749 180 2761 ,‚
221 2778 323 2815 ns
371 2764 519 2831 quod
567 2773 919 2829 transumpto
968 2762 1279 2813 litterarum
1328 2761 1570 2827 ipsarum
1622 2760 1837 2826 publica
1890 2777 2050 2811 manu

182 2907 183 2911 Ἰ
260 2863 322 2899 -ο
347 2863 423 2917 ao·
439 2845 584 2898 curie
612 2845 1026 2898 diocesanorum
1056 2846 1298 2895 locorum
1327 2843 1498 2909 sigillo
1531 2842 1800 2894 munitoin
1830 2841 2053 2895 civitate

345 2929 365 2981 i
398 2928 814 2982 diocesanorum
854 2927 1167 2979 huiusmodi
1205 2927 1259 2979 in
1301 2926 1495 2978 iudicio
1528 2927 1780 2977 velextra
1813 2924 2054 2974 ubicum-

183 3010 519 3073 “·Cx.l¹ibitum
554 3011 720 3065 fuerit
754 3013 842 3064 vel
878 3022 1159 3064 ostensum
1195 3020 1372 3061 stetur
1424 3008 1649 3060 firmiter
1695 3019 1751 3059 et
1799 3007 2052 3059 credatur

159 3086 494 3149 l'dhiboatur
524 3095 582 3148 in
614 3094 867 3147 omnibus
902 3095 1056 3147 velut
1090 3092 1439 3158 originalibus
1474 3091 1669 3142 litteris
1705 3091 1859 3156 plena
1901 3089 2051 3139 sides.

255 3193 400 3244 ergo,
437 3187 564 3241 etc„
604 3187 790 3230 nostre
828 3176 1206 3237 concessionis,
1238 3174 1612 3234 ordinationis,
1643 3171 2052 3223 constitutionis

60 3326 62 3330 μ
166 3308 186 3321 ,,
251 3261 461 3313 untatis
492 3260 800 3328 infringere,
834 3271 938 3311 etc.
974 3288 1042 3296 —
1075 3260 1280 3310 Datum
1317 3256 1587 3318 Avinioni,
1626 3273 1744 3305 xvu
1794 3254 2052 3307 kalendas

52 3336 61 3346 ⁸
152 3342 190 3406 J'.
243 3357 383 3395 anno
409 3344 620 3412 quinto.

63 3522 79 3546 2
158 3552 162 3554 q
190 3469 316 3539 'Voir
335 3511 447 3552 pour
467 3499 509 3542 la
530 3501 818 3557 competence
837 3515 914 3544 sur
933 3501 995 3544 les
1016 3498 1172 3543 crimes
1194 3498 1270 3540 des
1290 3495 1397 3551 juils
1419 3502 1465 3536 et
1486 3495 1561 3535 des
1582 3493 1833 3547 judalsauts
1858 3506 1868 3532 ε
1893 3505 1935 3532 n.
1958 3490 2058 3542 230,

156 3559 179 3566 ’
207 3562 248 3605 1.
276 3564 340 3608 ci.
368 3567 575 3619 269-270;
603 3578 651 3612 et
679 3571 1004 3622 Introduction,
1034 3585 1075 3624 p.
1107 3583 1235 3610 xun.
