2540 4354
460 322 560 376 272
846 336 1137 374 nnuman
1180 338 1255 372 nn
1298 316 1716 381 ιἰΝρυιειτιοΝ
1764 335 2086 383 misnense

524 458 565 498 3.
598 456 705 498 Voir
730 471 772 497 n.
799 456 898 509 154,
924 463 1032 497 note
1055 455 1096 496 5.

516 527 557 566 4.
591 526 698 567 Voir
722 541 765 567 n.
793 527 863 578 28,
890 532 997 567 note
1021 526 1063 578 2,
1089 532 1135 566 et
1159 525 1259 578 154,
1285 525 1384 567 155.

515 596 555 636 5.
583 594 805 635 Montreal
837 593 1016 646 (Ande),
1044 593 1255 635 chef-lieu
1304 595 1360 635 de
1386 601 1525 646 cant„
1552 594 1730 634 arr-ond.
1760 594 1814 634 de
1842 593 2158 635 Carcassonne.

517 666 556 706 6.
586 664 693 706 Voir
717 664 780 705 les
807 663 1036 716 citatione,
1064 659 1107 704 n.
1137 664 1236 716 154,
1263 664 1362 704 155.

516 735 555 776 7.
581 735 804 776 Bertrand
827 735 883 775 de
907 733 1184 786 Montfavez,
1209 749 1252 775 n.
1279 735 1348 787 67,
1374 741 1481 775 note
1504 735 1543 775 1.

514 807 553 846 8.
590 804 737 846 Pierre
766 805 1006 857 Bertrand,
1039 806 1227 846 docteur
1260 805 1307 846 ἰη
1339 812 1514 858 utroque
1542 805 1654 858 jure,
1687 805 1961 846 archidiacre
1993 805 2048 847 de
2079 805 2240 846 Billom
2272 806 2384 849 dans
2433 806 2474 848 16

456 875 659 929 chapitre
681 876 737 917 de
759 875 1003 928 Clermont,
1026 875 1099 916 fut
1119 889 1282 929 promu
1304 876 1330 915 ἐι
1352 875 1549 916 l’eveche
1573 875 1628 916 de
1652 875 1836 928 Nevers,
1853 875 1893 916 le
1911 876 1963 917 28
1980 876 2156 928 janvier
2172 876 2306 928 1320;
2329 883 2476 918 trans-

454 945 546 986 fere
570 947 595 986 ἐι
618 945 792 998 Autun,
816 945 856 986 16
879 946 933 986 19
958 946 1048 986 mai
1071 946 1204 997 1322;
1231 947 1327 986 eree
1351 945 1551 986 cardinal
1575 947 1636 986 du
1660 946 1767 987 titre
1790 947 1845 987 de
1869 945 2238 998 Saint-Clement,
2261 947 2301 987 16
2325 947 2378 988 20
2398 947 2474 988 de-

454 1016 631 1057 cembre
656 1016 789 1065 13313
816 1015 848 1055 il
872 1022 1059 1056 mourut
1083 1016 1123 1056 le
1149 1017 1203 1056 24
1227 1017 1327 1071 juin
1352 1017 1479 1056 1348.
1507 1016 1688 1068 Baluze,
1714 1016 1795 1057 col.
1824 1017 1927 1065 782;
1963 1016 2073 1058 Gall.
2112 1016 2273 1069 christ„
2315 1026 2346 1059 t.
2387 1030 2472 1071 xu,

453 1087 535 1127 col.
563 1087 667 1135 6473
694 1094 728 1127 t.
759 1101 823 1138 ιν,
849 1086 931 1127 661.
957 1087 1169 1135 408-412;
1194 1087 1313 1128 Hist.
1341 1087 1390 1127 de
1413 1087 1573 1139 Lang„
1599 1096 1631 1128 t.
1654 1102 1721 1139 IX,
1742 1102 1784 1141 p.
1806 1087 2017 1137 459-4603
2041 1087 2200 1140 Eubel,
2217 1087 2360 1140 Hier„
2381 1095 2413 1129 t.
2440 1102 2473 1142 ι,

485 1188 494 1197 .
517 1157 571 1198 15
610 1157 660 1197 71
701 1157 799 1198 386.

450 1171 479 1210 p
509 1228 548 1268 9.
574 1189 639 1268 ,Le
667 1188 867 1268 eardinal
896 1227 1044 1268 Pierre
1071 1228 1294 1269 Bertrand
1325 1228 1416 1270 fixa
1443 1230 1469 1270 ὲ.
1495 1229 1578 1270 150
1607 1228 1758 1269 ssorins
1786 1228 1885 1269 d’or
1911 1229 1966 1269 de
1995 1228 2206 1269 Florence
2231 1227 2275 1269 la
2301 1242 2470 1269 somme

450 1311 538 1351 que
555 1297 708 1339 Menet
723 1298 779 1339 de
799 1297 1061 1339 Robecourt
1078 1298 1234 1339 devait
1250 1313 1391 1353 payer
1407 1300 1433 1340 ὲ
1451 1299 1622 1341 Giraud
1639 1299 1747 1340 Coll.
1767 1300 1829 1341 Le
1848 1300 1901 1340 15
1919 1300 2032 1341 aofit
2047 1300 2177 1352 1340,
2194 1300 2357 1342 Benoit
2374 1300 2466 1340 XII

450 1382 632 1409 nomma
653 1368 715 1409 les
738 1369 1004 1410 executeurs
1026 1370 1082 1409 de
1104 1383 1152 1410 66
1173 1369 1409 1422 jugement
1433 1368 1506 1424 (cf.
1530 1370 1716 1428 113181).

506 1439 574 1480 10.
596 1438 706 1480 Voir
723 1453 799 1480 sur
819 1446 938 1480 cette
957 1440 1158 1482 curicuse
1179 1439 1334 1482 affaire
1354 1440 1415 1482 les
1436 1455 1479 1482 n.
1502 1441 1573 1494 28,
1594 1448 1700 1482 note
1721 1442 1762 1494 2,
1782 1441 1882 1493 154,
1903 1441 2002 1494 155,
2023 1442 2121 1483 181.

1282 1878 1502 1937 —177
1545 1913 1620 1920 —

523 2044 595 2094 Le
632 2060 771 2109 pape
809 2060 843 2092 a
879 2043 1114 2104 reclame‚
1154 2052 1266 2092 tant
1303 2044 1336 2091 ὰ
1374 2040 1733 2106 l’inquisiteur
1771 2040 1831 2090 de
1869 2040 2232 2091 Carcassonne
2269 2040 2463 2107 qu’auoe

450 2127 670 2178 vicaires
712 2127 773 2178 de
814 2126 1014 2192 l'eglise
1055 2126 1116 2176 de
1161 2125 1524 2191 Maguelonne
1565 2136 1609 2175 et
1651 2143 1723 2175 aa
1764 2123 2011 2189 seigneur
2064 2124 2335 2190 d’Agoult,
2389 2125 2459 2176 les

447 2217 626 2278 proces
664 2212 791 2278 faits
831 2230 932 2278 par
972 2230 1072 2262 eux
1111 2230 1178 2261 οιι
1218 2211 1355 2261 leurs
1394 2210 1546 2276 juges
1586 2213 1618 2260 ὰ
1659 2208 2054 2279 ινοίεᾴεονοὶἑνεε
2084 2209 2157 2260 du
2185 2220 2371 2277 res-sort
2399 2209 2458 2260 de

451 2297 684 2348 Brissac.
713 2296 863 2346 Mais
885 2296 1006 2346 c’est
1026 2315 1091 2346 en
1113 2295 1254 2347 φαίη.
1281 2296 1352 2345 Le
1376 2295 1705 2345 mandement
1725 2293 1876 2359 ponti
1882 2293 2004 2360 fical
2025 2312 2058 2344 a
2078 2296 2150 2344 ἑτέ
2184 2293 2460 2360 supprime

449 2399 517 2435 ou
562 2391 687 2431 tenu
733 2391 905 2432 secret.
945 2381 1135 2431 Benoit
1183 2379 1309 2430 XII
1343 2398 1407 2429 en
1454 2378 1579 2429 e'crit
1625 2382 1658 2428 ἀ
1706 2378 1928 2444 l’e'veque
1974 2378 2034 2428 de
2083 2377 2456 2444 Maguelonne,

445 2464 525 2515 lui
552 2465 848 2515 ordonnant
873 2464 933 2514 de
957 2464 1093 2530 faire
1119 2467 1349 2514 executer
1374 2482 1434 2513 sa
1461 2463 1676 2522 νοῑοηιέ,
1707 2462 1767 2512 de
1793 2462 2082 2512 rechercher
2097 2462 2167 2512 les
2186 2463 2458 2528 coupables

445 2559 490 2598 et
523 2548 833 2614 d'insormer
866 2567 958 2598 sur
991 2549 1044 2599 la
1076 2548 1427 2614 falsification
1461 2548 1620 2614 qu’on
1651 2547 1729 2597 dit
1762 2546 1908 2597 avoir
1942 2549 2014 2596 ete
2047 2546 2175 2612 saite
2207 2547 2294 2597 des
2327 2557 2457 2597 actes

443 2633 504 2683 de
529 2651 608 2683 ces
634 2637 830 2699 proces.
860 2661 930 2669 —-
954 2633 1228 2699 Avignon,
1257 2632 1321 2683 21
1350 2632 1548 2684 sevrier
1577 2631 1730 2683 1340.

791 2767 898 2821 Reg.
928 2767 1044 2820 Van,
1070 2774 1105 2809 t.
1135 2781 1297 2808 cxxxv
1322 2766 1400 2808 fol.
1428 2781 1475 2820 x,
1502 2781 1545 2808 n.
1573 2767 1627 2807 28
1638 2781 1648 2816 ;
1678 2766 1891 2820 Daumet,
1916 2780 1986 2820 op.
2014 2766 2102 2820 cit„
2119 2767 2266 2824 n.-693
2290 2765 2456 2821 (anah).

515 2888 825 2940 Venerabili
854 2888 1015 2941 fratri
1047 2889 1104 2942 ..1
1135 2889 1393 2954 episcopo
1427 2888 1769 2953 Magalonen.
1803 2888 2115 2938 —Dudum
2133 2888 2201 2939 ad
2234 2887 2451 2941 audien-

448 2973 580 3024 tiam
620 2974 966 3039 apostolatus
1004 2972 1180 3025 nostri
1219 2973 1431 3039 perlato
1473 2973 1618 3038 quod
1659 2990 1755 3038 pro
1795 2990 1856 3022 eo
1897 2973 2043 3039 quod
2083 2972 2137 3022 in
2177 2983 2352 3023 castro
2390 2972 2466 3023 de.

442 3057 693 3109 Brixiaco
721 3057 759 3119 ²,
807 3058 1151 3123 Magalonen.
1200 3057 1446 3121 diocesis,
1493 3058 1563 3108 ad
1609 3068 1765 3108 tuam
1802 3058 2142 3121 Magalonen.
2175 3056 2450 3107 ecclesiam

442 3151 497 3190 et
537 3142 800 3192 dilectum
843 3143 1017 3192 filium
1057 3141 1298 3193 nobilem
1339 3141 1519 3191 virum
1564 3142 1961 3207 Raymundum
2004 3141 2167 3202 Petri,
2210 3141 2451 3202 militem,

439 3225 725 3277 dominum
780 3227 1053 3291 Agautici,
1109 3227 1355 3276 eiusdem
1410 3227 1658 3288 diocesis,
1714 3226 2079 3276 communiter
2133 3226 2451 3291 pertinente,

443 3327 538 3375 per
570 3312 839 3376 quosdam
872 3312 1077 3362 iudices
1110 3312 1380 3361 seculares
1414 3311 1558 3360 curie
1591 3311 1896 3361 communis
1927 3311 2149 3360 ecclesie
2180 3328 2241 3360 ac
2258 3308 2446 3359 nobilis

440 3395 814 3458 predictorum
865 3407 1056 3447 contra
1108 3396 1390 3461 quondam
1442 3396 1762 3447 Michaelem
1796 3395 2126 3446 Gauterieet
2160 3395 2451 3459 Emengar-

437 3479 564 3528 dam
608 3480 673 3528 de
717 3481 955 3531 Carnicis
1000 3499 1062 3531 ac
1107 3481 1379 3545 Agnetam
1426 3480 1667 3540 Fabrice,
1714 3480 1963 3528 mulieres
2008 3489 2070 3528 ut
2113 3479 2450 3529 asserebatur
2534 3473 2539 3544 ξ

436 3563 718 3627 sortilegas
764 3575 820 3613 et
865 3565 1159 3626 maleficas,
1193 3574 1371 3614 certus
1418 3563 1639 3614 habitus
1686 3582 1966 3629 processus
2012 3563 2192 3613 fuerat
2234 3572 2289 3611 et
2332 3578 2449 3611 con·

2533 3551 2537 3623 j

436 3646 842 3711 dempnationis
893 3649 1167 3700 sententia
1218 3649 1567 3713 promulgata
1617 3658 1673 3697 et
1722 3647 2034 3697 executioni
2085 3647 2344 3697 mandata
2391 3645 2442 3694 in
2530 3636 2535 3726 Ξ

435 3727 595 3779 officii
627 3731 812 3782 dilecti
845 3731 941 3783 filii
972 3736 992 3766 ³
1020 3732 1360 3798 inquisitoris
1405 3732 1640 3782 heretice
1686 3731 1982 3798 pravitatis
2015 3731 2069 3781 in
2114 3730 2214 3780 illis
2283 3728 2442 3796 parti·

2526 3791 2531 3843 ,1
