2540 4354
435 369 500 419 24
823 391 1108 423 BULLAIRE
1153 391 1226 421 DE
1270 373 1686 432 L’1NQU1s1‘r10N
1730 388 2051 431 FRANQAISE

435 520 624 553 nemus
654 514 708 552 et
739 505 1024 554 hortamur
1051 504 1105 553 in
1140 504 1372 554 Domino
1403 504 1785 554 nichilominus
1817 521 1910 568 per
1938 502 2238 568 apostolica
2282 503 2436 554 vobis

432 586 636 652 scripta
674 589 1000 638 mandantes
1037 588 1296 653 quatinus
1333 588 1489 638 fratri
1527 589 1765 638 Gerardo
1816 587 1881 636 de
1931 587 2200 654 Aussona,
2239 586 2438 638 ordinis

434 671 856 736 predicatorum,
907 672 962 722 in
1015 674 1334 737 Lugdunen.
1387 684 1442 722 et
1491 671 1763 724 Bisuntin.
1818 671 2108 738 provinciis
2147 671 2202 721 in
2243 671 2438 737 quibus

433 756 621 805 eedem
640 767 779 805 terre
801 767 979 806 vestre
1001 756 1311 806 consistunt
1329 756 1639 822 inquisitori
1659 756 1951 822 pravitatis
1973 756 2204 806 heretice
2226 773 2320 822 per
2354 756 2441 806 Se-

433 839 557 888 dem
576 840 937 905 apostolicam
958 841 1247 906 deputato,
1269 842 1336 891 ad
1357 840 1714 906 extirpandas
1735 840 2052 890 huiusmodi
2064 841 2273 890 hereses
2287 839 2359 890 sic
2373 841 2437 890 ad

431 923 847 987 requisitionem
876 924 1046 989 ipsius
1078 924 1360 974 favoribus
1391 935 1445 974 et
1476 924 1760 990 oportunis
1786 924 2000 975 auxiliis
2025 924 2166 974 sicut
2191 923 2442 974 catholici

433 1006 534 1055 viri
571 1017 625 1056 et
662 1008 924 1057 zelatores
963 1009 1267 1057 orthodoxe
1310 1008 1435 1058 fidei
1473 1008 1760 1071 assistatis,
1801 1009 1946 1074 quod
1984 1007 2441 1074 impedimentum

431 1091 643 1140 nullum
672 1091 718 1140 ei
749 1091 887 1142 circa
919 1110 1080 1141 suum
1109 1095 1495 1158 exequendum
1527 1093 1765 1143 officium
1796 1093 1968 1159 possit
1995 1093 2182 1144 inferri
2211 1103 2265 1142 et
2295 1093 2441 1142 debi-

433 1185 555 1224 tum
604 1176 886 1241 inquisitio
921 1178 1239 1244 hujusmodi
1273 1178 1535 1228 sortiatur
1569 1179 1853 1239 effectum3
1888 1177 2118 1228 scientes
2167 1177 2312 1242 quod
2347 1195 2442 1227 nos

434 1258 745 1323 inquisitori
787 1260 963 1311 eidem
997 1263 1193 1312 damus
1228 1261 1427 1311 nostris
1459 1261 1658 1312 litteris
1691 1262 1746 1312 in
1781 1262 2056 1313 mandatis
2092 1263 2237 1327 quod
2278 1280 2437 1312 suum

429 1343 787 1408 impedientes
826 1347 1063 1396 officium
1100 1358 1155 1396 et
1190 1347 1244 1396 in
1280 1347 1603 1397 executione
1640 1346 1780 1396 illius
1818 1366 1927 1397 non
1952 1348 2240 1413 prebentes
2277 1345 2346 1396 ab
2366 1346 2438 1397 eis

429 1427 683 1491 possibile
734 1430 1061 1495 requisitum
1114 1432 1381 1482 auxilium
1432 1431 1762 1482 nominatim
1814 1431 1968 1481 nobis
2020 1430 2274 1481 intimare
2313 1449 2433 1496 pro-

430 1523 598 1574 curet,
631 1524 691 1562 ut
721 1533 817 1564 nos
849 1526 1037 1566 contra
1069 1535 1156 1566 eos
1185 1517 1346 1583 juxta
1367 1536 1654 1567 censuram
1685 1536 1958 1567 canonum
1979 1516 2150 1566 nostri
2169 1515 2328 1566 officii
2346 1516 2434 1565 de·

436 1597 613 1647 bitum
637 1616 993 1665 exequamur.
1015 1631 1083 1637 -—
1104 1603 1311 1652 Datum
1331 1612 1393 1651 ut
1412 1621 1574 1668 supra
1598 1602 1738 1670 [idus
1763 1601 1962 1664 martii,
1984 1620 2127 1652 anno
2160 1600 2435 1669 septimo].

1296 2032 1595 2091 -Μ-

500 2190 636 2241 C'est
662 2210 726 2241 en
752 2192 877 2242 vain
902 2212 997 2259 que
1023 2195 1066 2244 le
1091 2212 1229 2260 pape
1255 2213 1287 2243 a
1313 2194 1496 2244 insistes
1522 2200 1713 2261 aapre's
1740 2195 1798 2244 de
1826 2195 2085 2244 Bertrand
2128 2194 2433 2257 Desbordes,

427 2275 617 2324 ancien
653 2279 834 2342 e‘veqae
871 2278 1074 2340 d'Albi‚
1143 2279 1269 2344 pais
1306 2280 1547 2329 cardinal
1582 2279 1619 2341 1,
1658 2291 1702 2329 et
1738 2283 1930 2345 aupres
1967 2279 2053 2328 des
2091 2278 2434 2345 inquisitears

427 2378 562 2424 pour
601 2360 757 2425 qa’ils
797 2362 1163 2413 terminassent
1201 2365 1272 2414 les
1311 2369 1488 2429 proces
1527 2364 1658 2415 d’un
1697 2363 1894 2414 certain
1935 2364 2146 2412 nombre
2185 2363 2244 2412 de
2287 2364 2432 2434 bour-

431 2444 569 2507 geois
603 2444 786 2495 d’Albi
820 2447 1144 2511 poarsuiviS,
1182 2448 1221 2498 il
1252 2468 1285 2514 y
1318 2467 1350 2497 a
1382 2450 1504 2514 plus
1538 2449 1597 2498 de
1630 2449 1789 2498 douze
1822 2451 2033 2509 anne'es,
2068 2465 2168 2513 par
2201 2447 2438 2497 Bernard

428 2528 487 2576 de
516 2529 764 2579 Castanet
792 2542 836 2580 et
863 2549 963 2596 par
992 2532 1062 2581 les
1092 2532 1456 2599 inquisitears,
1488 2545 1548 2596 et,
1593 2533 1782 2599 depuis
1812 2551 1863 2582 ce
1892 2544 2074 2598 temps,
2105 2531 2436 2598 prisonniers

429 2624 471 2661 et
494 2615 762 2665 attendant
784 2616 894 2665 leur
915 2628 1150 2667 sentence
1171 2617 1191 2647 2
1218 2637 1238 2683 ,·
1261 2618 1375 2668 rien
1399 2619 1488 2668 n’a
1510 2622 1582 2669 ete'
1603 2617 1780 2668 decide
1801 2620 1833 2667 ἁ
1855 2616 2099 2667 l’endroit
2120 2617 2181 2666 de
2203 2636 2282 2666 ces
2313 2617 2437 2667 mal·

429 2697 671 2749 heureux.
705 2699 775 2748 Le
803 2719 941 2766 pape
971 2701 1132 2752 invite
1160 2703 1382 2769 l'e've'que
1419 2703 1630 2754 Ge'raud
1655 2702 1677 2733 3
1705 2713 1750 2752 et
1778 2703 1848 2752 les
1879 2700 2222 2767 inquisitears
2254 2704 2286 2750 ὰ
2329 2701 2438 2751 s’en

426 2799 641 2847 occuper
668 2784 829 2849 enfin.
860 2815 929 2820 —
953 2785 1222 2851 Avignon,
1268 2788 1332 2838 19
1363 2787 1499 2838 avril
1533 2788 1683 2839 1313.

771 2919 878 2973 Reg.
918 2920 1033 2973 Vat.,
1068 2928 1102 2963 t.
1140 2936 1216 2974 Lx,
1250 2922 1327 2964 sol.
1364 2924 1418 2964 78
1434 2927 1503 2976 νο,
1536 2939 1580 2965 n.
1617 2925 1723 2974 2423
1769 2925 1875 2978 Reg.
1912 2925 2044 2966 Clem.
2064 2924 2117 2976 V,
2136 2939 2179 2967 n.
2218 2924 2329 2965 9163
2370 2922 2435 2976 (in

711 2989 826 3042 οτι).

505 3109 812 3159 Venerabili
855 3111 1012 3160 fratri
1057 3113 1307 3175 Geraldo,
1351 3113 1606 3180 episcopo
1651 3114 1863 3165 Albien.
1909 3145 1977 3150 —
2021 3115 2244 3164 Dudum
2275 3130 2436 3178 expo-

430 3193 688 3243 uentibus
739 3195 894 3245 nobis
945 3197 1158 3246 Ysarno
1210 3197 1359 3260 Colli,
1414 3199 1575 3248 Petro
1628 3199 1850 3260 Fransa,
1903 3200 2155 3250 Johanne
2190 3198 2433 3262 Delport,

434 3279 594 3326 Petro
641 3279 703 3326 de
754 3280 1021 3344 RaysacO,
1070 3281 1358 3331 Guillelmo
1409 3283 1672 3344 Salevert,
1735 3283 2021 3333 Guillelmo
2078 3283 2142 3332 de
2200 3282 2433 3341 LandaS‚

432 3363 644 3411 Ysarno
683 3363 746 3411 de
787 3364 1122 3415 Cardalhaco
1161 3376 1215 3414 et
1254 3367 1536 3430 quondam
1575 3369 1828 3418 Johanne
1869 3369 2051 3434 Payhs
2078 3378 2132 3416 et
2153 3365 2433 3432 quondam

433 3445 716 3496 Guillelmo
756 3448 978 3497 Borrelli
1018 3459 1072 3498 et
1112 3451 1392 3514 quondam
1431 3451 1709 3501 Bernardo
1750 3453 1930 3512 Casas,
1972 3451 2181 3501 civibus
2203 3449 2432 3509 Albien.,

432 3532 575 3594 quod
603 3530 706 3596 ipsi
732 3532 795 3580 de
827 3534 1088 3582 mandato
1116 3534 1439 3584 venerabilis
1466 3536 1650 3586 fratris
1678 3537 1850 3586 nostri
1867 3536 2146 3596 Bernardi,
2170 3533 2430 3592 Anicien.‚

432 3627 562 3663 tunc
600 3615 809 3667 Albien.
847 3617 1103 3683 episcopi,
1140 3638 1350 3677 necnon
1385 3619 1721 3684 inquisitoris
1757 3640 1852 3671 seu
1886 3620 2290 3686 inquisitorum,
2342 3616 2432 3682 qui

432 3710 562 3747 tunc
598 3710 756 3748 erant
791 3700 846 3749 in
883 3702 1130 3766 partibus
1167 3703 1267 3751 illis
1306 3704 1584 3753 occasione
1624 3705 1859 3755 criminis
1897 3707 2143 3754 hereseos
2195 3721 2301 3768 quo
2352 3717 2430 3750 re-

432 3782 597 3847 spersi
626 3783 733 3831 fore
755 3783 1078 3835 dicebantur
1097 3787 1244 3852 capti
1263 3788 1484 3836 fuerunt
1503 3799 1557 3838 et
1577 3789 1775 3838 carceri
1796 3789 2095 3854 mancipati
2113 3799 2167 3837 et
2186 3805 2279 3853 per
2298 3786 2425 3835 duo-
