2540 4354
973 422 1185 458 annon·
1224 421 1307 458 κη
2029 399 2129 462 241

74 534 76 536 ¹
155 546 446 600 eradicatis
488 545 754 603 erroribus
796 555 1157 613 prosperetur,
1202 564 1263 597 ac
1309 546 1439 597 fides
1483 547 1748 599 catholica
1791 547 1981 598 fortius
2011 566 2131 598 con-

62 650 71 695 j
153 630 411 683 valescat.
448 629 532 681 Ad
566 629 665 680 hec
700 646 794 696 per
826 646 924 680 nos
956 639 1011 679 et
1043 629 1173 680 alios
1197 629 1563 682 desiderantes
1592 630 1858 682 attentius
1893 630 2131 697 vigilare,

77 766 80 771 ,
151 714 424 780 talemque
458 714 528 764 ad
561 712 870 764 huiusmodi
900 712 1178 777 negotium
1216 712 1339 762 fidei
1371 713 1570 764 ibidem
1603 714 1888 765 efficaciter
1921 733 2128 780 promo·

82 807 111 811 ”
151 797 392 848 vandum
436 796 697 862 deputare
740 812 1027 862 personam
1070 795 1218 846 cuius
1276 797 1504 847 honesta
1560 797 1899 848 conversatio
1955 814 2132 847 exem·

152 879 303 946 plum
341 878 554 930 tribuat
591 877 866 945 puritatis,
903 877 1124 943 eiusque
1163 878 1306 929 labia
1344 879 1557 931 erudita
1575 880 1879 931 doctrinam
1896 880 2131 931 fundant

74 1018 76 1022 f
151 978 275 1014 vere
299 961 564 1029 sapientie
588 962 899 1025 salutarem,
919 972 980 1012 ut
1004 962 1115 1012 eius
1141 979 1290 1012 sacro
1314 962 1607 1013 ministerio
1625 981 1781 1014 omne
1806 964 2131 1014 fermentum

150 1045 343 1097 exinde
386 1045 522 1098 labis
570 1045 878 1096 huiusmodi
922 1055 1268 1111 expurgetur,
1311 1046 1379 1096 ad
1441 1063 1725 1112 personam
1771 1047 1935 1111 igitur
1976 1057 2132 1098 tuam

88 1131 92 1139 “
156 1145 321 1195 quam
362 1128 672 1180 sinceritate
714 1129 979 1193 religionis
1020 1138 1074 1178 et
1119 1128 1241 1178 fidei
1271 1130 1609 1192 maturitate,
1642 1147 1853 1180 morum
1893 1141 1948 1180 et
1987 1130 2132 1180 litte·

2 1238 6 1255 1
79 1271 81 1274 Α
151 1229 332 1263 rarum
373 1211 599 1263 scientia
644 1211 906 1262 Dominus
948 1212 1243 1276 insignivit,
1284 1222 1464 1262 nostre
1506 1213 2133 1277 dirigentes‘considera-

152 1294 314 1345 tionis
364 1295 645 1356 intuitum,
692 1305 744 1343 te
786 1294 1160 1360 inquisitorem
1202 1295 1441 1345 eiusdem
1494 1297 1722 1345 heretice
1758 1296 2043 1362 pravitatis
2079 1295 2131 1345 in

3 1440 5 1447 A
91 1403 95 1407 ·
154 1378 536 1430 carcassonen.
570 1378 793 1430 civitate
824 1388 878 1427 et
909 1378 1105 1428 diocesi
1135 1378 1356 1443 aliisque
1390 1379 1703 1429 civitatibus
1733 1390 1787 1428 et
1816 1374 2133 1440 diocesibus,

4 1463 7 1473 “
154 1459 364 1523 castris,
405 1461 566 1523 villis,
597 1461 725 1512 locis
759 1472 814 1511 et
844 1461 1087 1512 terminis
1118 1461 1427 1524 antedictis,
1471 1463 1796 1514 auctoritate
1839 1462 2133 1528 apostolica

5 1578 7 1584 ι
80 1548 94 1586 Γ
154 1561 325 1610 usque
370 1544 441 1596 ad
486 1545 727 1595 eiusdem
775 1544 923 1595 Sedis
970 1545 1369 1611 beneplacitum
1415 1546 1769 1611 deputamus;
1829 1545 2137 1596 discretioni

153 1637 248 1678 tue
294 1646 388 1695 per
434 1628 986 1695 apostolica-scripta
1037 1629 1360 1679 mandantes
1411 1628 1616 1694 tibique
1666 1630 1721 1679 in
1768 1628 2134 1679 remissionem

95 1704 97 1718 ³
157 1711 530 1778 peccaminum
590 1711 930 1777 iniungentes
993 1711 1249 1777 quatinus
1309 1711 1365 1761 in
1425 1712 1652 1763 caritate
1691 1713 1805 1773 Dei,
1857 1712 2135 1763 hominum

9 1788 12 1806 ¹
89 1783 112 1828 .'
158 1794 348 1847 timore
408 1795 731 1862 postposito,
791 1796 1054 1846 virtutem
1103 1795 1326 1862 spiritus
1387 1796 1613 1846 induens
1662 1814 1728 1846 ex
1786 1797 1916 1859 alto,
1964 1798 2136 1864 predi·

96 1948 104 1949 ἶ
158 1888 307 1930 ctum
360 1878 730 1944 Inquisitionis
779 1878 1013 1929 officium
1061 1879 1363 1943 incisdem
1398 1880 1778 1930 Carcassonen.
1814 1881 2035 1931 civitate
2081 1890 2136 1929 et

157 1961 369 2025 diocesi,
413 1962 637 2027 aliisque
680 1961 1000 2012 civitatibus
1042 1972 1097 2012 et
1139 1961 1458 2022 diocesibus,
1489 1963 1695 2023 castriS,
1726 1963 1882 2025 villis,
1915 1963 2041 2013 locis
2083 1973 2138 2012 et

99 2039 101 2043 ¹
157 2044 419 2107 terminis,
455 2056 619 2110 prout
651 2044 797 2096 tanti
828 2045 1036 2110 negocii
1070 2045 1278 2095 utilitas
1313 2045 1582 2106 suadebit,
1618 2047 1718 2095 sub
1752 2064 1843 2111 spe
1880 2046 2137 2096 mercedis

132 2137 341 2183 ,aterne
379 2127 453 2179 sic
493 2128 783 2180 efficaciter
823 2129 1078 2195 prosequi
1117 2139 1171 2179 et
1212 2129 1406 2194 exequi
1461 2129 1681 2179 studeas
1752 2130 2035 2194 diligenter
2075 2139 2136 2179 ut

143 2197 252 2281 ⁶1301·
298 2211 656 2262 solicitudinis
706 2222 799 2263 tue
848 2212 1196 2278 prudentiam
1231 2212 1388 2262 radix
1436 2212 1725 2278 pravitatis
1762 2212 2001 2262 eiusdem
2050 2230 2137 2262 ex·

158 2291 280 2345 inde
319 2294 534 2361 penitus
572 2296 837 2347 evellatur
874 2305 930 2345 et
967 2295 1127 2346 vinea
1168 2295 1404 2358 Domini,
1447 2294 1822 2346 exterminatis
1841 2295 2136 2361 vulpeculis

43 2380 47 2388 '
107 2381 110 2387 '
159 2394 263 2443 que
315 2378 581 2444 perversis
638 2379 903 2429 morsibus
959 2379 1328 2429 demoliuntur
1382 2379 1629 2440 eandem,
1685 2379 1893 2428 fructus
1949 2379 2141 2428 ass'erat

124 2490 133 2498 ν-
117 2460 423 2512 catholice
453 2462 707 2527 puritati3
736 2462 791 2512 in
821 2462 1129 2512 huiusmodi
1158 2462 1378 2526 negocio
1409 2479 1751 2527 processurus
1795 2472 1912 2512 tam
1955 2479 2139 2512 secun·

114 2566 125 2589 x
163 2542 293 2595 dum
325 2543 690 2610 indulgentias
726 2555 781 2595 et
819 2545 1095 2611 privilegia
1131 2545 1541 2610 inquisitoribus
1579 2545 1868 2610 pravitatis
1904 2544 2141 2610 predicte

162 2624 219 2678 in
251 2643 416 2694 regno
446 2627 668 2679 Francie
707 2629 1035 2680 auctoritate
1074 2628 1372 2694 apostolica
1411 2628 1706 2694 deputatis,
1737 2645 1829 2678 seu
1860 2627 2031 2677 officio
2056 2628 2141 2676 ln·

58 2771 59 2774 Ἴ
130 2699 467 2776 squisitionis
503 2712 815 2763 huiusmodi
848 2713 918 2763 ab
952 2712 1142 2763 eadem
1163 2710 1296 2762 Sede
1333 2729 1602 2772 concessa,
1640 2729 1805 2776 quam
1840 2711 2140 2761 secundum

56 2791 57 2795 ¹
119 2778 449 2859 ,canonicas
497 2795 822 2846 sanctiones.
876 2796 974 2846 Per
1022 2793 1332 2845 huiusmodi
1379 2804 1565 2845 autem
1614 2794 2025 2859 deputationem
2075 2794 2140 2843 de

118 2891 390 2942 ,φοι-ωηο
429 2887 526 2930 tua
563 2877 874 2930 huiusmodi
908 2877 1274 2943 inquisitionis
1312 2877 1483 2927 officio
1524 2894 1616 2942 per
1652 2894 1746 2926 nos
1784 2876 2004 2936 factam,
2027 2877 2142 2926 nul·

120 2946 276 3008 '‘-lum
313 2959 517 3011 eisdem
555 2962 643 3012 vel
683 2962 1116 3028 quibuscumque
1157 2960 1273 3011 aliis
1316 2960 1602 3026 privilegiis
1644 2960 1800 3009 dictis
1842 2959 2031 3019 ordini,
2051 2960 2136 3009 vel

58 3063 61 3078 π
124 3035 702 3116 ,,ῑηᾳυίεἱῑοήδυε,εου
736 3044 994 3107 officio,si
1029 3062 1134 3109 qua
1169 3043 1278 3094 sint
1311 3044 1384 3094 cis
1419 3045 1488 3095 ab
1516 3044 1704 3093 eadem
1726 3041 1857 3092 Sede
1876 3059 2143 3102 concessa,

60 3122 61 3125 ’
127 3121 413 3196 f'yolumus
440 3124 793 3193 preiudicium
819 3128 1076 3193 generari.
1105 3156 1171 3163 —
1199 3128 1400 3177 Datum
1430 3124 1700 3187 Avinioni,
1742 3144 1843 3176 xm
1886 3125 2144 3177 kalendas

135 3197 419 3269 9ebruarii,
461 3220 602 3256 anno
645 3203 829 3255 tercio.

138 3276 164 3294 .

67 3355 69 3359 ’
135 3380 194 3404 „M
219 3345 263 3388 ί.
290 3346 468 3402 Aymon
485 3349 542 3392 de
561 3349 786 3392 Caumont
803 3349 1033 3392 succedait
1050 3351 1076 3391 a
1100 3349 1236 3391 Henri
1257 3350 1312 3391 de
1333 3349 1531 3403 Chamay
1556 3349 1614 3402 (n.
1637 3348 1708 3401 84,
1729 3355 1834 3389 note
1854 3348 1912 3401 1).
1928 3344 2006 3389 Ses
2026 3355 2148 3391 actes

66 3421 71 3429 '
138 3453 162 3463 1
277 3436 297 3449 ··
322 3445 327 3449 -
359 3415 625 3472 inqui-item·
649 3426 754 3461 sont
778 3432 865 3473 peu
892 3433 1074 3460 connus.
1107 3418 1141 3459 Il
1170 3418 1309 3473 reprit
1334 3418 1375 3459 le
1401 3421 1553 3472 proces
1581 3418 1635 3459 de
1663 3416 1914 3459 Guillaume
1943 3416 2148 3471 Fenasse,

131 3478 146 3529 J
159 3481 332 3552 Rubi,
357 3485 412 3528 de
439 3499 521 3529 son
547 3486 709 3530 vivant
734 3489 891 3542 reputa
919 3487 1008 3529 hon
1037 3487 1308 3541 catholique,
1337 3495 1383 3528 et
1410 3494 1563 3528 contre
1592 3486 1668 3540 qui
1699 3484 1837 3526 Henri
1864 3485 1919 3526 de
1947 3484 2147 3540 Chamay

75 3543 82 3548 '⁴
151 3533 292 3613 ..avait
312 3557 489 3597 entame
513 3568 600 3598 une
622 3555 911 3599 information
939 3556 997 3609 (n.
1016 3556 1132 3609 166).
1160 3556 1265 3597 En
1251 3556 1347 3609 juin
1371 3556 1494 3605 1337,
1514 3555 1542 3596 il
1560 3555 1719 3596 assista
1735 3556 1761 3595 a
1785 3568 1846 3613 un
1869 3567 2045 3595 sermon
2068 3568 2151 3608 pu·

151 3616 254 3675 „uie
275 3627 383 3664 tenu
403 3624 430 3665 a
451 3623 683 3667 Toulouse.
707 3625 755 3667 (ζ’
758 3633 827 3667 est
848 3625 1066 3679 pourquoi
1091 3625 1119 3666 il
1144 3638 1198 3666 ne
1221 3633 1305 3679 put
1326 3625 1435 3666 faire
1457 3626 1665 3665 executor
1685 3623 1714 3664 1·
1719 3622 1885 3664 extrait
1906 3623 1983 3663 des
2018 3623 2151 3676 regis-

88 3710 95 3751 j
143 3693 276 3732 rus·
289 3691 344 3733 de
378 3691 680 3747 l'Inquisition
714 3695 769 3736 de
804 3694 1103 3736 Carcassonne
1137 3694 1356 3735 demand&
1391 3707 1472 3747 par
1506 3691 1804 3746 l’inquisiteur
1837 3692 1893 3733 de
1927 3691 1970 3732 la
2007 3690 2152 3745 Curie,

131 3774 134 3775 ⁷
169 3753 416 3802 Gninaumo
438 3760 679 3816 Lombard,
703 3776 816 3818 pour
837 3762 1050 3805 s'assurer
1071 3763 1127 3804 de
1149 3762 1406 3804 l'existence
1429 3763 1484 3803 de
1509 3761 1724 3816 plusieurs
1748 3760 2015 3813 heretiques,
2039 3761 2151 3804 dans

920 3858 1210 3892 numanus:
1235 3874 1273 3882 --
1295 3857 1347 3890 18
