2540 4354
477 377 574 437 162
861 399 1147 435 Burmann
1190 403 1266 435 DE
1308 380 1726 445 L’momsrrmN
1769 402 2087 450 FRANcmst.

474 539 735 586 sponsum
767 519 1091 585 legitimum,
1126 537 1188 570 ac
1223 519 1444 570 unicum
1480 520 1715 571 Ecclesie
1749 532 1935 571 sancte
1972 522 2087 585 Dei,
2122 533 2178 572 et
2209 523 2471 576 vicarium

472 603 643 654 Jeshu
675 603 899 666 Christi3
928 614 982 653 et
1010 603 1435 654 constitutiones
1463 623 1606 667 suas,
1629 623 1863 671 quarum
1882 623 1989 656 una
2009 605 2202 672 incipit
2223 627 2233 657 :
2255 608 2342 658 Ad
2359 627 2471 660 con·

472 688 689 738 ditorem
722 706 1001 750 canonum,
1036 688 1141 738 alia
1179 708 1190 738 ε
1228 689 1364 738 Cum
1399 688 1532 739 inter
1566 689 1865 752 nonnullos,
1902 700 1956 739 et
1990 689 2094 740 alia
2132 711 2142 740 t
2181 691 2321 758 Quia
2352 712 2468 758 quo-

472 771 730 834 rumdam,
770 772 1035 822 confiteor
1071 782 1308 835 sanctas,
1347 773 1643 823 catholicas
1680 783 1849 839 atque
1882 772 2054 824 iustas
2092 785 2146 824 et
2183 777 2328 840 quod
2350 795 2470 828 con-

471 856 679 906 tinetur
717 856 772 906 in
812 856 1014 906 eisdem
1055 875 1168 907 esse
1209 857 1559 920 catholicum,
1603 859 1760 908 credo
1801 869 1856 907 et
1895 868 2054 908 teneo
2116 859 2470 925 catholicum3

473 942 618 1006 quod
658 959 785 991 vero
826 942 1140 992 continetur
1176 941 1232 992 in
1270 942 1474 992 eisdem
1513 961 1625 992 esse
1665 943 1984 1006 hereticum,
2026 944 2183 994 credo
2222 955 2278 994 et
2314 955 2469 996 teneo

471 1026 770 1075 hereticum
802 1047 812 1076 :
843 1026 1128 1092 presertim
1158 1027 1305 1093 quod
1334 1027 1703 1078 sententiatur
1730 1027 1806 1078 ibi
1834 1028 1900 1077 de
1928 1029 2145 1094 proprio
2174 1040 2229 1079 et
2257 1032 2471 1082 comuni

471 1109 669 1159 Christi
707 1121 762 1159 et
800 1102 1194 1176 apostolorum,
1235 1122 1290 1161 et
1327 1111 1371 1162 si
1410 1111 1540 1178 quid
1581 1112 1694 1162 dixi
1733 1112 2067 1178 oppositum,
2107 1113 2162 1162 in
2202 1124 2469 1179 quantum

468 1194 582 1243 dixi
615 1195 935 1260 oppositum
968 1214 1183 1259 revoco,
1221 1207 1448 1262 paratus
1484 1197 1651 1247 etiam
1688 1198 1785 1246 hec
1820 1207 1874 1245 et
1909 1197 2013 1247 alia
2064 1194 2312 1249 abiurare
2364 1218 2464 1265 que

469 1279 744 1343 predictus
786 1279 1039 1330 dominus
1081 1281 1301 1330 duxerit
1340 1279 1662 1343 abiuranda,
1706 1291 1895 1346 petens
1938 1281 2362 1333 misericordiam
2401 1285 2467 1335 ab

466 1363 657 1412 eodem
691 1364 911 1414 domino
945 1364 1087 1415 sicut
1120 1366 1189 1416 ab
1221 1365 1310 1415 illo
1347 1365 1440 1431 qui
1472 1376 1553 1415 est
1587 1365 1822 1430 claviger
1852 1365 2003 1430 regni
2036 1366 2262 1429 celestis,
2296 1386 2326 1418 a
2360 1387 2463 1434 quo

466 1466 575 1497 non
617 1448 810 1499 dubito
854 1449 1100 1515 optinere
1140 1450 1360 1500 veniam
1402 1450 1857 1516 quodadmodum
1897 1450 2212 1516 importune
2252 1461 2319 1501 et.
2347 1470 2466 1503 cum

463 1532 717 1596 lacrimis,
748 1533 889 1583 sicut
919 1533 993 1602 (a)
1028 1534 1197 1585 Maria
1229 1535 1550 1599 Magdalena
1582 1553 1611 1584 a
1642 1534 1863 1583 domino
1893 1533 2065 1584 Jeshu
2096 1534 2326 1586 Christo.

539 1619 776 1684 Postque
813 1617 1018 1668 ibidem
1061 1618 1240 1669 dictus
1278 1619 1447 1669 frater
1486 1619 1747 1680 Veranus,
1803 1619 1868 1668 de
1915 1618 2109 1670 Grassa
2134 1619 2154 1649 ²
2191 1619 2466 1686 oriundus,

467 1702 711 1752 ordinem
781 1703 1015 1753 fratrum
1092 1703 1366 1753 minorum
1417 1703 1710 1769 professus,
1764 1702 2099 1754 constitutus
2164 1703 2219 1754 in
2267 1702 2462 1757 iudicio

466 1788 822 1853 personaliter
887 1806 1069 1839 coram
1143 1788 1454 1838 reverendis
1519 1788 1769 1854 patribus
1833 1787 2067 1838 dominis
2133 1788 2232 1838 Dei
2295 1790 2462 1855 gratia

462 1871 784 1935 Bertrando,
821 1872 1074 1938 episcopo
1122 1872 1430 1923 Tusculano
1463 1876 1498 1935 ³,
1535 1873 1745 1923 Jacobo
1781 1870 1821 1930 4,
1862 1873 2010 1922 tituli
2043 1872 2242 1923 Sancte
2292 1874 2463 1924 Prisce

464 1956 781 2021 presbitero,
851 1968 906 2006 et
980 1957 1284 2007 Bertrando
1307 1956 1344 2018 5,
1399 1958 1595 2007 Sancte
1655 1957 1820 2006 Marie
1891 1957 1947 2029 in
1990 1957 2195 2022 Aquiro
2239 1958 2461 2009 diacono

463 2041 847 2103 cardinalibus,
894 2042 1091 2107 quibus
1133 2041 1511 2092 sanctissimus
1571 2041 1627 2091 in
1655 2042 1867 2091 Christo
1910 2052 2066 2107 pater
2113 2053 2167 2091 et
2215 2042 2461 2093 dominus

436 2135 646 2175 unoster
713 2125 989 2191 predictus
1061 2145 1222 2192 super
1290 2127 1391 2176 hoc
1461 2126 1750 2176 comiserat
1819 2126 1964 2176 vices
2029 2145 2171 2188 suas,
2251 2137 2458 2193 sponte,

460 2209 623 2259 tactis
660 2228 754 2275 per
787 2210 967 2276 ipsum
1004 2211 1230 2262 fratrem
1268 2210 1619 2277 corporaliter
1679 2210 1882 2261 sanctis
1935 2211 2102 2260 IIII⁰r
2133 2211 2232 2260 Dei
2263 2229 2459 2262 euvan-

460 2293 606 2357 geliis
665 2313 846 2345 coram
904 2314 964 2345 eo
1023 2295 1231 2361 positis,
1291 2294 1570 2346 abiuravit
1627 2286 1836 2345 hereses
1878 2295 2272 2361 infrascriptas,
2330 2313 2460 2362 quas

459 2378 670 2427 dudum
710 2379 766 2428 in
805 2377 1004 2429 iudicio
1048 2391 1102 2429 et
1157 2391 1312 2430 extra
1356 2380 1633 2430 confessus
1690 2379 1796 2429 fuit
1838 2379 2143 2442 credidisse,
2198 2379 2456 2442 docuisse,

458 2462 765 2525 asseruisse,
820 2464 1058 2514 tenuisse
1097 2475 1151 2514 et
1190 2464 1543 2530 pertinaciter
1581 2474 1740 2515 tanto
1793 2474 2039 2530 tempore
2093 2463 2453 2538 deffendisse:

458 2546 713 2596 videlicet
770 2548 919 2620 illam
978 2567 1082 2614 que
1137 2549 1330 2600 asserit
1378 2549 1523 2615 quod
1588 2548 1945 2614 Redemptori
1987 2559 2173 2598 nostro
2225 2548 2452 2598 Domino

456 2631 625 2680 Jeshu
686 2632 899 2683 Christo
959 2631 1182 2700 eiusque
1240 2634 1502 2700 apostolis
1560 2633 1615 2683 in
1675 2633 1775 2683 hiis
1836 2651 1939 2698 que
1997 2633 2141 2698 ipsos
2202 2632 2447 2684 habuisse

454 2713 735 2782 Scriptura
774 2736 924 2769 sacra
962 2729 1203 2770 testatur
1238 2737 1594 2786 nequaquam
1623 2716 1709 2768 ius
1748 2718 1877 2784 ipsis
1919 2718 2112 2768 utendi
2149 2728 2246 2769 aut
2275 2736 2458 2768 consu·

454 2800 635 2850 mendi
670 2803 1032 2869 competierit,
1063 2822 1162 2854 nec
1190 2804 1280 2855 illa
1311 2804 1587 2854 vendendi
1617 2822 1710 2853 seu
1742 2803 1984 2853 donandi
2011 2801 2093 2852 ius
2126 2803 2449 2864 habuerunt,

454 2896 551 2934 aut
581 2903 647 2935 ex
675 2886 805 2953 ipsis
837 2887 941 2939 alia
972 2888 1307 2955 acquirendi,
1341 2907 1444 2954 que
1476 2899 1664 2939 tamen
1694 2887 1838 2954 ipsos
1870 2888 1933 2937 de
1966 2887 2237 2953 premissis
2268 2886 2448 2936 fecisse

451 2968 732 3037 Scriptura
756 2990 906 3023 sacra
928 2984 1185 3037 testatur,
1209 2992 1302 3024 seu
1323 2973 1468 3040 ipsos
1491 2973 1733 3040 potuisse
1755 2972 1930 3023 facere
1970 2971 2233 3039 supponit
2253 2980 2451 3037 aperte.

455 3053 526 3103 Et
558 3055 725 3106 etiam
756 3056 905 3108 illam
940 3076 1042 3125 que
1076 3058 1269 3109 asserit
1302 3058 1604 3108 Dominum
1635 3067 1886 3107 nostrum
1919 3057 2149 3106 Jeshum
2183 3054 2450 3106 Christum

450 3148 505 3188 et
536 3141 813 3206 apostolos
845 3142 957 3193 eius
988 3143 1201 3193 nullum
1231 3141 1314 3193 ius
1347 3142 1601 3194 habuisse
1649 3141 1704 3192 in
1734 3142 1895 3192 rebus
1927 3140 2320 3207 temporalibus
2341 3137 2450 3204 qui·

450 3223 548 3273 bus
578 3225 660 3275 usi
688 3237 817 3276 sunt
845 3228 931 3277 vel
960 3227 1042 3278 usi
1068 3227 1232 3278 fuisse
1261 3228 1534 3293 leguntur,
1566 3246 1672 3293 quo
1703 3236 1926 3292 possent
1953 3226 2070 3276 illas
2098 3243 2179 3275 res
2205 3222 2320 3274 iure
2347 3240 2438 3273 suo

449 3325 787 3374 consumare,
821 3312 966 3375 dare,
999 3313 1251 3374 vendere,
1284 3330 1460 3361 emere
1491 3312 1578 3361 vel
1608 3311 1740 3361 alias
1769 3309 1912 3361 iuste
1943 3310 2177 3360 alienare
2207 3308 2262 3359 in
2292 3324 2445 3374 quos-

449 3410 700 3459 cumque,
731 3415 829 3446 nec
858 3397 912 3446 in
942 3397 1160 3462 proprio
1190 3415 1287 3446 nec
1316 3396 1370 3446 in
1402 3396 1621 3446 comuni
1650 3395 1752 3445 nisi
1781 3395 2082 3460 simplicem
2112 3393 2245 3444 facti
2275 3407 2443 3442 usum.

450 3475 521 3525 Et
554 3477 702 3529 illam
739 3499 842 3546 que
878 3482 1069 3531 asserit
1105 3481 1251 3547 quod
1287 3480 1708 3531 constitutiones
1745 3479 1953 3529 domini
1986 3479 2158 3529 nostri
2192 3494 2329 3543 pape
2363 3492 2442 3525 su·

446 3562 696 3625 pradicti‚
728 3565 864 3615 Cum
893 3565 1026 3616 inter
1053 3565 1352 3627 nonnullo-3,
1383 3564 1525 3632 Quia
1549 3564 1911 3630 quorumdam,
1941 3574 1995 3612 et
2014 3563 2101 3612 Ad
2129 3560 2437 3612 conditorem

444 3662 722 3710 canonum,
748 3648 803 3698 in
828 3649 1025 3715 quibus
1051 3649 1386 3700 contrarium
1411 3648 1826 3710 determinatur,
1853 3657 1982 3698 sunt
2005 3645 2238 3696 heretice
2259 3640 2429 3710 quoad

497 3798 553 3852 (α)
588 3801 692 3853 Reg.
725 3817 741 3847 .·
777 3816 861 3844 nec.
