2540 4354
472 354 573 407 330
859 375 1146 409 sumntum
1183 376 1255 407 DE
1290 358 1706 418 L’INQUISITION
1744 381 2059 426 FRANcAise

551 490 610 540 In
638 508 682 541 e.
715 509 784 541 m.
814 491 1200 542 Bartholomeo
1230 492 1305 542 de-
1326 493 1603 556 Sulmona,
1635 496 1747 546 ord.
1780 497 1928 562 pred.

532 638 571 679 1.
606 638 740 680 Louis
769 639 825 680 de
853 637 1062 691 Tarente,
1092 640 1205 682 mari
1236 640 1292 682 de
1321 641 1493 682 Jeanne
1528 642 1604 694 1¹0,
1633 643 1753 684 reine
1782 644 1837 685 de
1870 645 2050 698 Naples‚
2080 647 2304 687 couronne
2333 646 2399 692 ro!
2443 647 2481 689 le

469 709 523 750 27
551 708 640 750 mai
669 709 796 761 1352,
822 717 943 751 mort
969 709 1008 752 le
1036 711 1088 752 25
1117 711 1207 752 mai
1234 711 1360 753 1362.

533 782 571 820 2.
605 779 859 821 Alexandre
886 781 941 821 de
970 780 1141 823 Padula
1168 782 1241 824 fut
1266 782 1455 825 institue
1481 785 1750 840 inquisiteur
1776 789 1888 829 dans
1916 787 1954 829 le
1982 802 2200 841 royaume
2227 789 2282 830 de
2311 789 2472 843 Naples

468 866 522 894 en
548 851 671 891 1352.
698 850 854 901 Quetif
876 858 921 891 et
946 851 1139 903 Echard,
1162 866 1232 906 op.
1258 853 1344 904 cit„
1371 862 1401 896 t.
1428 869 1459 907 1,
1484 871 1526 910 p.
1553 857 1650 899 640.

527 923 566 962 3.
602 920 879 962 Marchesino
911 922 965 962 de
997 922 1224 976 Monopoli
1255 923 1370 967 etait
1399 926 1500 978 deja
1533 926 1801 981 inquisiteur
1831 944 1885 971 en
1915 929 2093 984 Apulie,
2125 945 2184 971 en
2210 931 2337 981 1343,
2367 931 2477 973 ainsi

472 990 765 1044 qu’ilresulte
786 991 895 1032 d'un
929 991 1125 1046 diplome
1160 1008 1246 1046 que
1280 995 1340 1035 lui
1374 996 1608 1048 adressait,
1646 998 1683 1039 le
1718 999 1770 1039 24
1810 1001 2053 1042 novembre
2087 1001 2142 1042 de
2189 1007 2308 1042 cette
2340 1003 2485 1045 anne'e

471 1062 659 1113 hanno,
680 1061 799 1103 reine
821 1063 875 1105 de
899 1062 1077 1119 Naples.
1102 1063 1257 1117 Quetif
1277 1072 1323 1108 et
1347 1066 1538 1121 Eehard,
1559 1082 1628 1124 op.
1653 1068 1739 1123 cit„
1765 1076 1794 1110 t.
1813 1083 1842 1122 1,
1859 1085 1901 1127 p.
1919 1071 2016 1112 616.

1290 1489 1634 1548 -214—

544 1651 613 1701 Le
671 1670 952 1717 procureur
1003 1653 1062 1702 de
1114 1651 1471 1719 l’inquisiteur
1521 1653 1580 1703 de
1636 1654 1894 1705 Toulouse
1944 1656 2144 1720 postule
2194 1667 2238 1706 et
2288 1657 2474 1708 obtient

470 1738 541 1786 du
559 1756 697 1803 pape
719 1737 972 1786 Innocent
999 1737 1075 1786 Vl
1095 1756 1190 1802 que
1209 1737 1465 1787 l’examen
1483 1738 1554 1788 du
1572 1738 1769 1788 close-ier
1787 1739 1846 1788 de
1864 1738 1995 1804 frere
2022 1739 2322 1791 Guillaume
2355 1742 2473 1791 Ber-

478 1822 614 1871 nard
628 1821 871 1888 Delpech,
893 1820 1238 1886 francis-cain,
1259 1821 1421 1887 sorme‘
1439 1841 1538 1887 par
1550 1822 2334 1888 l’Inquisitiontoulousaine‚et
2345 1825 2472 1876 celui

468 1906 556 1955 des
582 1905 730 1957 e‘crits
756 1906 815 1956 de
840 1925 892 1957 ce
913 1911 1071 1956 mEme
1097 1906 1369 1971 religieux,
1390 1910 1456 1956 ou
1482 1907 1588 1957 l'on
1613 1907 1688 1958 dit
1713 1927 1808 1974 que
1832 1926 1885 1958 se
1909 1919 2142 1959 trouvent
2165 1909 2252 1960 des
2277 1929 2470 1962 erreurs

471 2002 640 2041 contre
672 1991 724 2041 la
753 1990 846 2056 foi,
879 1990 1046 2042 soient
1078 1991 1270 2056 conficis
1303 2009 1410 2041 aux
1441 1991 1738 2042 cardinaucc
1769 1991 1949 2043 Pierre
1980 1993 2040 2043 de
2072 1994 2199 2044 Cros
2231 2005 2276 2044 et
2315 1994 2470 2047 Gilles

469 2074 538 2125 Ri
546 2075 701 2140 gaud,
725 2094 845 2128 avec
864 2075 908 2127 le
929 2074 1063 2126 droit
1084 2075 1144 2125 de
1165 2075 1286 2126 citer
1307 2086 1351 2126 et
1373 2075 1432 2126 de
1454 2075 1784 2127 contraindre
1806 2076 2073 2145 l’inculpe'.
2099 2106 2167 2115 -
2201 2078 2466 2146 Avignon,

462 2158 526 2211 16
560 2179 707 2213 mars
737 2159 890 2215 1353.

817 2296 1033 2352 δαρρίίε.,
1058 2307 1089 2341 t.
1116 2314 1238 2340 xx111
1266 2298 1437 2353 (Innoc.
1462 2299 1542 2351 VI,
1564 2307 1601 2346 t.
1624 2298 1674 2352 ι),
1698 2298 1774 2341 fol.
1793 2299 1874 2342 115
1901 2307 1964 2342 v⁰.

539 2419 823 2487 Supplicat
865 2419 1160 2470 Sanctitati
1202 2422 1390 2470 Vestre
1431 2419 1679 2470 assiduus
1721 2429 1776 2469 et
1816 2420 2049 2472 devotus
2083 2432 2266 2473 orator
2295 2433 2468 2473 vester

468 2513 790 2570 procurator
832 2503 1168 2570 inquisitoris
1214 2502 1548 2554 Tholosani1
1597 2503 1829 2554 heretice
1875 2505 2167 2571 pravitatis
2213 2506 2464 2572 quatinus

467 2588 933 2640 examinationem
996 2587 1347 2638 confessionis
1409 2587 1553 2638 facte
1614 2607 1796 2638 coram
1857 2588 2059 2641 vicario
2081 2589 2463 2657 archiepiscopi

467 2672 762 2733 Tholosani
794 2691 856 2723 ac
890 2672 1092 2725 vicario
1127 2672 1271 2723 dicte
1311 2672 1687 2738 inquisitionis
1721 2691 1814 2738 per
1847 2671 2075 2724 fratrem
2124 2667 2464 2725 Guillelmum

464 2758 525 2809 B.
557 2758 622 2808 de
656 2756 824 2808 Podio
847 2758 884 2819 ²,
917 2756 1119 2808 ordinis
1151 2757 1440 2818 minorum,
1486 2775 1647 2822 super
1690 2756 1849 2808 factis
1883 2756 2025 2822 fidei,
2071 2777 2279 2809 necnon
2307 2776 2463 2824 expo·

466 2842 677 2894 sitionis
710 2842 854 2893 dicte
887 2841 1239 2892 confessionis
1272 2852 1327 2891 et
1357 2841 1538 2892 littere
1571 2859 1665 2907 per
1709 2840 1890 2907 ipsum
1938 2841 2095 2894 misse
2142 2843 2224 2893 sui
2270 2841 2463 2893 ordinis

467 2927 708 2993 capitulo
748 2926 984 2993 generali
1022 2936 1078 2976 et
1118 2926 1488 2992 quorumdam
1525 2925 1790 2978 librorum
1829 2926 2123 2994 peripsum
2144 2926 2460 2995 composito·

464 3030 586 3062 rum
633 3021 689 3062 et
735 3011 965 3064 aliorum
1014 3010 1288 3062 dictorum
1335 3028 1576 3075 suorum,
1595 3009 1652 3062 in
1672 3010 1870 3078 quibus
1902 3010 2168 3063 contineri
2214 3011 2463 3064 dicuntur

465 3095 647 3162 aliqua
678 3106 867 3148 contra
898 3097 1069 3147 bonos
1099 3113 1274 3147 mores
1304 3104 1362 3147 et
1378 3095 1563 3162 aliqua
1581 3112 1804 3147 erronea
1836 3105 1893 3146 et
1924 3096 2234 3148 hereticalia
2282 3104 2461 3147 contra

468 3181 649 3242 fidem,
694 3200 816 3231 cum
860 3180 1114 3232 omnibus
1155 3179 1272 3232 aliis
1313 3179 1597 3246 negotium
1641 3180 1769 3231 fidei
1809 3181 2075 3232 catholice
2116 3179 2462 3247 tangentibus

466 3283 528 3316 ac
572 3266 994 3331 emergentibuS,
1041 3263 1480 3332 dependentibus
1525 3274 1582 3316 et
1625 3265 1905 3328 connexiS,
1950 3283 2074 3316 cum
2093 3273 2364 3332 potestate
2395 3261 2458 3314 ci-

465 3350 622 3400 tandi
654 3350 708 3400 in
743 3350 900 3401 Curia
934 3360 989 3400 et
1021 3359 1177 3402 extra
1210 3368 1273 3401 ac
1306 3349 1668 3417 compellendi
1697 3349 1877 3417 ipsum
1923 3359 1979 3400 et
2011 3349 2143 3401 alios
2175 3367 2333 3416 super
2364 3346 2460 3398 hiis

465 3433 620 3484 iuxta
657 3452 862 3485 morem
894 3444 949 3484 et
980 3435 1168 3486 stilum
1206 3434 1584 3501 Inquisitionis
1616 3434 1852 3486 heretice
1898 3434 2190 3501 pravitatis
2223 3443 2278 3484 et
2313 3431 2456 3491 alias,

466 3529 528 3568 ut
565 3520 679 3571 iura
717 3520 929 3580 volunt,
969 3518 1430 3571 reverendissimis
1468 3518 1717 3586 patribus
1754 3519 1809 3570 in
1859 3519 2071 3570 Christo
2122 3537 2185 3569 ac
2233 3513 2456 3568 dominis

468 3602 896 3656 Autissiodoren.
926 3604 946 3633 3
1008 3614 1064 3654 et
1131 3604 1308 3656 sancti
1376 3602 1627 3670 Dyonisii
1649 3603 2054 3655 ‘cardinalibus
2122 3600 2455 3653 commictere

467 3686 779 3752 dignemini,
818 3688 1054 3739 maxime
1090 3706 1213 3738 cum
1247 3706 1341 3755 per
1389 3688 1824 3756 predecessorem
1889 3697 2137 3738 vestrum
2182 3683 2454 3736 dominum

470 3771 802 3825 Clementem
837 3786 1023 3827 sancte
1059 3774 1316 3827 memorie
1349 3774 1560 3827 dictum
1593 3774 1897 3842 negotium,
1933 3785 1995 3825 ut
2027 3773 2243 3835 dicitur,
2261 3760 2453 3822 eisdem
