2540 4354
404 333 503 384 184
789 346 1077 379 BULLAIRE
1122 343 1196 376 DE
1240 325 1662 384 L’momsrrlon
1706 340 2028 384 FRANQAJSE

1248 528 1589 589 „124-

401 692 413 701 ⁷
479 695 618 744 Jean
658 690 842 740 XXII
882 688 1123 754 reproche
1163 686 1416 737 vivement
1452 689 1487 736 ὰ
1522 684 1844 751 Dominique
1892 683 2092 745 Grima,
2135 686 2315 748 evaque
2353 683 2412 734 de

408 776 666 836 Pamiers,
697 793 758 824 sa
786 772 1085 838 neglig-enee
1113 771 1364 837 coupable
1391 789 1456 821 en
1483 789 1535 821 ce
1562 769 1652 836 qui
1681 787 1926 819 concerne
1954 768 2006 818 la
2033 767 2327 832 repre-§sion
2354 767 2412 817 de

407 859 639 912 l’he'resie
665 858 800 909 dans
827 877 924 908 son
950 857 1164 907 diocese.
1197 856 1248 906 Il
1275 855 1512 921 l’engage
1539 858 1571 904 ὰ
1598 870 1805 904 secouer
1831 871 1892 903 sa
1918 863 2127 918 torpeur
2154 862 2198 901 et
2223 852 2256 900 ἁ
2285 870 2411 902 rem-

406 945 511 1012 plir
537 963 633 994 son
660 941 849 992 devoir.
880 970 949 977 —
976 940 1247 1005 Avignon,
1278 940 1309 990 6
1338 940 1561 989 octobre
1591 937 1743 988 1332.

746 1075 852 1127 Reg.
895 1074 1013 1128 Vae„
1037 1081 1071 1115 t.
1093 1086 1238 1127 cxvn,
1255 1087 1302 1114 n.
1321 1073 1420 1114 402.

481 1198 766 1250 Dominico
804 1196 842 1259 1,
881 1196 1135 1262 episcopo
1175 1194 1592 1261 Appamiarum.
1634 1223 1702 1230 —-
1738 1194 1821 1245 Ad
1859 1195 2032 1246 nostri
2070 1194 2412 1260 apostolatus

408 1283 719 1350 displicibili
756 1282 825 1333 ad
864 1281 1090 1331 modum
1127 1279 1496 1330 insinuatione
1536 1279 1787 1344 pervenit
1826 1280 1972 1345 quod
2011 1279 2178 1345 pestis
2217 1279 2413 1329 heresis

374 1393 384 1405 ·
405 1370 460 1420 in
495 1379 592 1418 tua
628 1366 828 1418 diocesi
862 1364 1100 1415 crebrius
1134 1364 1312 1425 solito,
1349 1364 1500 1413 cuius
1535 1364 1744 1414 occasio
1779 1382 1892 1414 esse
1925 1382 2022 1430 pro
2043 1382 2239 1428 magna
2260 1374 2413 1428 parte

409 1452 604 1519 prelati
633 1450 963 1517 negligentia
984 1448 1201 1510 dicitur,
1224 1448 1528 1498 invalescit.
1552 1448 1687 1498 Cum
1706 1458 1894 1498 autem
1914 1448 1982 1498 ad
2003 1458 2213 1513 pestem
2233 1447 2415 1497 huius·

411 1537 559 1588 modi
598 1537 663 1586 de
703 1535 812 1585 tuis
853 1534 1081 1584 civitate
1121 1543 1175 1582 et
1215 1532 1417 1582 diocesi
1474 1532 1864 1598 extirpandam
1918 1533 2053 1583 adeo
2108 1550 2175 1581 ex
2230 1532 2412 1582 debito

401 1615 494 1671 >tui
528 1618 817 1686 pastoralis
854 1617 1016 1668 officii
1049 1617 1118 1667 sis
1154 1615 1411 1667 astrictus
1449 1617 1594 1682 quod
1630 1616 1674 1666 si
1706 1616 2024 1667 notabiliter
2059 1615 2198 1667 circa
2233 1616 2328 1665 hcc
2363 1626 2416 1666 te

407 1705 772 1771 negligentem
805 1703 1055 1753 redderes
1089 1703 1159 1753 ab
1193 1702 1383 1751 eodem
1418 1719 1557 1751 esses
1592 1701 1766 1751 officio
1814 1686 2172 1767 repellendus,
2227 1700 2421 1750 frater-

411 1790 646 1840 nitatem
687 1799 845 1839 tuam
887 1786 1157 1838 attentius
1200 1786 1559 1836 exhortamur
1602 1785 1862 1851 quatinus
1906 1785 2166 1851 premissa
2210 1803 2418 1835 necnon

408 1873 743 1925 laudabilem
779 1871 1124 1937 diligenciam
1161 1889 1327 1936 quam
1363 1870 1444 1919 tui
1482 1870 1885 1936 predecessores
1923 1870 2061 1920 circa
2098 1869 2416 1935 extirpatio-

409 1977 534 2009 nem
558 1957 931 2009 adhibuerunt
956 1955 1271 2006 huiusmodi
1295 1955 1703 2006 consideranter
1727 1955 2037 2017 attendens,
2064 1965 2117 2003 te
2143 1973 2171 2005 a
2198 1953 2414 2020 pigricie

409 2061 639 2109 sompno
671 2042 865 2092 nocivo
899 2039 1196 2108 plurimum
1228 2039 1474 2091 excitans
1506 2040 1768 2091 adversus
1801 2039 2084 2100 hereticos,
2119 2039 2414 2100 credentes,

410 2129 652 2178 fautores
682 2137 737 2176 et
764 2136 1132 2192 receptatores
1163 2143 1351 2175 eorum
1394 2124 1579 2174 solerti
1621 2124 1869 2175 adhibita
1915 2123 2217 2188 diligencia,
2261 2123 2415 2175 iuxta

411 2211 701 2262 sanxiones
753 2209 1041 2261 canonicas
1092 2219 1147 2259 et
1196 2209 1477 2275 privilegia
1530 2208 1703 2258 officio
1762 2207 2134 2272 Inquisitionis
2187 2207 2417 2256 heretice

414 2295 708 2363 pravitatis
752 2313 1002 2345 concessa
1047 2294 1353 2360 procedere,
1397 2311 1782 2359 sermonesque
1823 2293 2085 2342 innovare
2141 2311 2202 2342 ac
2244 2291 2418 2341 facere

411 2382 552 2431 sicut
583 2380 672 2430 alii
703 2391 948 2446 pastores
980 2378 1166 2444 vigiles
1198 2397 1306 2427 non
1339 2388 1665 2444 postponas;
1711 2377 1788 2427 ita
1835 2377 1981 2442 quod
2013 2377 2113 2426 hac
2144 2375 2419 2441 extirpata

413 2476 565 2533 peste
600 2465 898 2527 mortifera,
938 2465 1070 2514 fides
1103 2461 1308 2513 ibidem
1344 2462 1613 2513 catholica
1648 2462 1856 2527 fulgeat
1891 2479 2128 2526 curaque
2164 2471 2259 2511 tua
2281 2459 2415 2510 circa

414 2547 721 2601 custodiam
748 2549 963 2599 comissi
989 2548 1091 2599 tibi
1118 2547 1287 2613 gregis
1316 2546 1574 2597 dominici
1600 2556 1884 2612 appareat,
1914 2545 2166 2611 quamvis
2194 2563 2415 2595 excussa.

413 2634 758 2701 negligentia,
798 2633 991 2683 merito
1028 2633 1328 2683 fructuosa.
1367 2631 1450 2681 Ad
1488 2631 1748 2682 creandos
1785 2630 1929 2680 enim
1966 2630 2145 2696 plures
2183 2630 2418 2695 prelatos

411 2721 465 2770 in
496 2720 597 2770 illis
630 2719 878 2785 partibus
910 2718 930 2748 2
961 2716 1335 2783 principaliter
1366 2717 1466 2767 hoc
1497 2734 1595 2766 nos
1626 2715 1819 2778 movit,
1852 2725 1914 2764 ut
1945 2733 2040 2781 per
2069 2733 2256 2764 eorum
2287 2712 2417 2778 vigi·

410 2804 672 2855 lationem
707 2803 983 2853 credulam
1019 2802 1135 2868 (sic)
1170 2802 1268 2852 hec
1300 2801 1468 2868 pestis
1505 2801 1618 2850 Deo
1653 2799 1866 2850 odibilis
1913 2799 2144 2849 nimium
2190 2808 2245 2848 et
2289 2797 2420 2848 infe-

412 2888 558 2938 ctiva
601 2887 855 2937 catholici
895 2886 1084 2952 populi
1124 2887 1188 2935 de
1231 2885 1473 2951 partium
1513 2885 1757 2951 ipsarum
1800 2883 1999 2935 finibus
2027 2884 2327 2949 fugaretur.
2357 2907 2422 2917 -

416 2973 623 3022 Datum
653 2968 930 3032 Avinioni‚
975 2990 1015 3020 11
1047 2989 1218 3020 nonas
1250 2969 1505 3031 octobris,
1537 2987 1680 3019 anno
1715 2968 1923 3019 XV110.

466 3169 507 3209 1.
542 3166 812 3220 Dominique
842 3166 1011 3219 Grima,
1043 3165 1139 3207 voir
1169 3180 1212 3207 n.
1245 3166 1315 3218 82,
1347 3171 1452 3206 note
1482 3165 1524 3206 1.

467 3240 508 3279 2.
540 3238 743 3279 Allusion
768 3239 794 3278 a
817 3237 861 3278 la
885 3236 1085 3278 creation
1109 3237 1164 3277 de
1189 3250 1430 3277 nouveaux
1455 3235 1642 3278 eveches
1666 3236 1778 3276 dans
1803 3235 1845 3276 la
1871 3235 2083 3289 province
2108 3236 2163 3276 de
2188 3234 2422 3286 Toulouse,

411 3308 520 3350 faite
547 3323 601 3350 en
626 3308 886 3350 1317-1318.
914 3307 1130 3349 L'eveche
1156 3307 1212 3348 de
1239 3305 1435 3347 Pamiers
1461 3305 1587 3347 avait
1610 3307 1681 3347 ete
1706 3305 1840 3346 fonde
1866 3320 1947 3359 par
1971 3304 2182 3346 Boniface
2208 3304 2336 3355 VIII,
2361 3317 2415 3344 en

410 3379 538 3420 1295.
571 3378 718 3430 Vidal,
749 3378 830 3418 Les
859 3377 1050 3430 origines
1080 3377 1131 3418 de
1160 3376 1204 3417 la
1232 3375 1433 3430 province
1463 3374 1774 3429 ecclesiastique
1803 3376 1854 3416 de
1886 3375 2112 3426 Toulouse,
2145 3373 2310 3416 extrait
2338 3374 2414 3414 des

411 3449 605 3491 Annales
631 3449 691 3490 du
717 3448 772 3488 M
778 3450 854 3500 idi,
883 3448 1118 3499 Toulouse,
1149 3446 1319 3499 Privat,
1347 3447 1474 3488 1903.
