2540 4354
410 379 511 432 214
809 392 1094 425 nummum
1135 391 1211 423 DE
1253 369 1671 430 L'1NQuls1T10N
1713 385 2031 429 FRANcArsE

412 510 672 564 canonico
717 510 1029 559 Nanneten.
1073 504 1440 564 ecclesiarum,
1482 501 1732 562 salutem,
1775 510 1877 551 etc.
1920 531 1989 537 —
2030 501 2203 553 Officii
2244 505 2415 556 nostri

413 595 663 648 debitum
701 591 871 657 exigit
909 601 972 641 ut
1011 590 1206 655 cuique
1243 585 1493 654 poscenti
1529 584 1736 635 iustitie
1775 585 2171 651 plenitudinem
2210 587 2415 654 impen-

414 683 624 732 damus.
674 678 859 742 Nuper
907 674 1176 740 siquidem
1221 689 1317 738 pro
1362 680 1518 737 parte
1562 668 1756 719 nobilis
1800 669 1903 719 viri
1949 671 2165 732 Hervei,
2212 672 2419 724 domini

414 768 477 816 de
526 762 837 813 Trevalloet
861 757 898 821 3,
948 756 1307 823 Corisopiten.
1359 753 1603 814 diocesis,
1652 762 1770 803 tam
1817 771 1913 810 suo
1964 772 2130 819 quam
2178 755 2280 806 sibi
2326 759 2417 808 ad-

414 846 725 900 herentium
782 843 1003 894 nomine
1061 841 1168 891 fuit
1223 839 1382 891 nobis
1441 836 1755 903 expositum
1815 856 1939 887 cum
1997 839 2213 903 querela
2274 843 2417 906 quod

415 934 623 984 dudum
659 927 854 979 nobilis
889 926 973 976 vir
1010 926 1310 985 Johannes,
1347 922 1599 972 dominus
1636 922 1700 971 de
1738 922 2018 987 Guergolle
2042 920 2081 984 4,
2119 941 2179 973 ac
2217 924 2419 976 Johan-

415 1037 526 1078 nes,
569 1024 802 1081 patruus
844 1030 991 1072 suus,
1035 1008 1352 1060 domicellus
1395 1006 1538 1057 dicte
1582 1005 1805 1056 diocesis
1847 1016 1901 1055 et
1943 1009 2291 1074 quamplures
2332 1009 2422 1060 alii

417 1102 500 1152 sui
528 1097 694 1149 emuli
722 1107 776 1147 et
808 1094 1015 1146 inimici
1044 1094 1305 1160 capitales
1337 1110 1405 1141 ex
1434 1090 1544 1141 odii
1572 1100 1933 1156 preconcepto
1963 1109 2185 1141 rancore
2217 1103 2271 1142 et
2300 1111 2423 1144 con·

422 1188 547 1236 ficta
583 1179 1002 1247 conspirationis
1038 1177 1252 1229 malicia
1289 1185 1492 1227 secrete
1528 1194 1592 1226 ac
1624 1175 1861 1225 latenter
1896 1175 2212 1226 detulerunt
2245 1177 2421 1243 ipsum

421 1272 698 1321 Herveum
753 1283 914 1331 super
968 1261 1242 1328 sortilegio
1299 1259 1530 1311 heresim
1584 1258 1848 1326 sapiente,
1906 1261 2054 1326 quod
2110 1260 2422 1313 invultuatio

416 1357 472 1406 in
509 1353 610 1404 illis
650 1351 899 1419 partibus
937 1347 1239 1414 vulgariter
1274 1355 1655 1412 nuncupatum
1694 1345 2076 1396 denunciando
2116 1364 2240 1396 eum
2280 1349 2423 1414 quod

417 1439 789 1490 invultuasset
827 1435 1061 1486 condam
1101 1435 1345 1494 Petrum,
1385 1429 1671 1480 dominum
1712 1429 1844 1480 dicti
1880 1430 1984 1479 loci
2022 1431 2085 1480 de
2126 1431 2424 1497 Guergolle,

419 1521 620 1591 prefati
661 1519 946 1580 Johannis,
975 1517 1198 1569 domini
1237 1518 1300 1566 de
1346 1515 1646 1581 Guergolle,
1688 1524 1920 1581 patrem,
1963 1534 2024 1565 ac
2065 1515 2167 1565 sibi
2218 1518 2286 1566 ob
2327 1518 2426 1568 hoc

421 1607 614 1659 mortis
643 1603 984 1656 occasionem
1011 1603 1278 1663 dedisset3
1305 1601 1402 1650 hec
1428 1610 1766 1667 exponentes
1793 1617 1977 1650 coram
2003 1601 2142 1649 bone
2172 1601 2426 1651 memorie

422 1694 596 1744 Alano
620 1689 659 1753 5,
693 1689 947 1756 episcopo
974 1686 1346 1755 ‚Corisopiten.
1382 1696 1437 1734 et
1472 1684 1680 1735 dilectis
1717 1681 1837 1734 filiis
1873 1684 2125 1734 Johanne
2159 1684 2384 1736 Aufredi
2405 1683 2425 1714 ⁶

421 1789 475 1827 et
514 1778 689 1828 Alano
728 1775 934 1825 Thomc
962 1771 1000 1834 ⁷,
1042 1772 1242 1822 ordinis
1281 1772 1515 1821 fratrum
1555 1770 1978 1836 predicatorum,
2015 1769 2424 1835 inquisitoribus

422 1861 661 1912 heretice
696 1858 990 1926 pravitatis
1026 1858 1080 1908 in
1115 1858 1216 1907 illis
1253 1856 1521 1923 partibus,
1558 1855 1810 1905 affinibus
1846 1866 1901 1904 et
1936 1854 2250 1905 faventibus
2286 1855 2428 1921 parti

424 1947 667 2007 adverse,
702 1962 864 2011 super
896 1942 1159 2010 predictis
1193 1941 1523 2001 subornatis,
1558 1950 1611 1989 et
1643 1950 1762 1990 toto
1795 1939 1979 1989 illicito
2014 1951 2214 1990 conatu
2247 1957 2427 2005 proce-

424 2030 697 2082 dentibus.
743 2030 1010 2094 Quodque
1050 2027 1154 2093 ipsi
1194 2027 1461 2077 delatores
1503 2036 1557 2075 et
1597 2024 1762 2075 emuli
1802 2026 2008 2074 occulte
2050 2025 2427 2090 produxerunt

424 2117 684 2166 adversus
721 2114 974 2164 eumdem
1015 2114 1292 2162 Herveum
1330 2129 1490 2176 super
1526 2109 1797 2176 premissis
1850 2128 2031 2160 coram
2067 2109 2267 2159 eisdem
2317 2108 2423 2175 epi-

424 2218 587 2266 scopo
624 2209 680 2248 et
716 2197 1134 2263 inquisitoribus
1171 2206 1281 2245 tres
1309 2195 1471 2246 falsos
1508 2205 1695 2256 testes,
1726 2194 2051 2245 domesticos
2089 2212 2230 2256 suos,
2257 2193 2428 2260 pretio

425 2293 713 2350 corruptos
747 2301 811 2334 ac
844 2282 1078 2347 maligne
1111 2281 1429 2341 instructos,
1463 2290 1518 2329 et
1551 2281 1876 2330 subornatos
1911 2298 2005 2345 per
2036 2280 2254 2329 eosdem
2287 2279 2427 2330 dela-

425 2380 572 2419 tores
621 2378 677 2417 et
725 2367 950 2427 emulos,
1000 2365 1258 2416 vilissime
1309 2364 1531 2430 quidem
1582 2363 1906 2414 conditionis
1955 2373 2010 2413 et
2057 2363 2312 2424 infames3
2344 2363 2429 2414 'ad

428 2472 660 2520 quorum
713 2451 1012 2518 simplicem
1046 2461 1100 2500 et
1132 2450 1404 2500 occultam
1449 2448 1844 2514 depositionem
1898 2448 2096 2514 prefati
2148 2448 2428 2514 episcopus

426 2550 481 2589 et
513 2536 864 2604 inquisitores
899 2535 1124 2601 proinde
1157 2534 1397 2600 suspecti
1430 2535 1837 2584 mandaverunt
1868 2543 1923 2582 et
1967 2533 2213 2582 fecerunt
2259 2532 2429 2599 predi-

428 2634 579 2674 ctum
621 2623 900 2672 Herveum
939 2620 1286 2686 ignorantem
1324 2629 1378 2668 et
1415 2620 1718 2679 absentem,
1756 2637 1851 2667 nee
1891 2617 2251 2679 citatum,seu
2274 2636 2428 2667 voca-

428 2719 568 2768 tum,
611 2725 773 2772 super
814 2705 914 2755 hiis
958 2705 1066 2755 suis
1111 2704 1264 2754 bonis
1308 2703 1558 2754 omnibus
1604 2703 1847 2753 totaliter
1888 2701 2132 2769 spoliari3
2173 2713 2227 2751 et
2267 2701 2430 2752 etiam

429 2793 685 2843 dilectam
735 2790 796 2840 in·
840 2790 1053 2840 Christo
1107 2789 1276 2839 filiam
1328 2788 1682 2839 Catherinam
1733 2789 1796 2837 de
1850 2790 2039 2848 Ponte,
2090 2806 2331 2848 uxorem,
2380 2796 2432 2836 et

430 2877 624 2927 fratres
660 2875 828 2941 ipsius
870 2874 1089 2934 Hervei,
1126 2892 1235 2923 non
1272 2883 1573 2939 suspectos,
1609 2891 1706 2922 nec
1742 2873 1951 2922 delatos
1988 2890 2147 2937 super
2181 2870 2432 2938 predictis

431 2961 584 3012 bonis
624 2978 812 3009 eorum
852 2958 1082 3025 propriis
1123 2958 1250 3007 exui
1289 2967 1478 3007 contra
1517 2955 1599 3007 ius
1640 2968 1694 3006 et
1730 2956 2005 3007 iusticiam
2045 2967 2099 3006 et
2151 2965 2432 3006 consuetu-

430 3045 611 3095 dinem
640 3043 814 3109 patrie
844 3061 936 3108 per
963 3041 1272 3108 potentiam
1301 3052 1354 3090 ct
1384 3041 1589 3091 curiam
1617 3042 1929 3091 secularem.
1990 3041 2059 3090 Et.
2086 3040 2211 3090 licet
2262 3039 2430 3107 prefa-

430 3140 521 3179 tus
579 3130 825 3179 Herveus
880 3127 1229 3192 quamprimo
1282 3127 1380 3175 hec
1433 3127 1502 3176 ad
1555 3145 1711 3176 suam
1762 3125 2021 3175 notitiam
2054 3133 2435 3193 ⁴pervenerunt

430 3222 734 3263 recusasset
771 3211 980 3261 dictum
1017 3211 1334 3276 episcopum
1372 3220 1426 3259 et
1462 3210 1808 3275 inquisitores
1847 3220 1908 3258 ut
1944 3219 2241 3274 suspectos,
2279 3219 2332 3258 et
2366 3209 2433 3258 ab

430 3297 503 3347 eis
554 3297 624 3347 ad
675 3297 867 3347 Sedem
918 3294 1279 3361 apostolicam
1330 3295 1646 3360 supradicto
1697 3293 1913 3344 nomine
1977 3294 2320 3359 appellasset,
2381 3302 2434 3341 et

432 3381 747 3432 huiusmodi
786 3380 1215 3446 appellationem
1258 3385 1391 3430 cum¹
1421 3379 1771 3430 solemnitate
1812 3378 1940 3428 iuris
1981 3389 2035 3427 et
2077 3388 2135 3428 ut
2177 3379 2434 3427 debuerat

432 3465 780 3526 insinuasset,
827 3464 1036 3530 iterque
1084 3463 1406 3530 arripuisset
1452 3464 1522 3513 ad
1567 3463 1773 3514 dictam
1820 3462 2018 3514 Sedem
2064 3480 2158 3528 pro
2205 3461 2435 3528 appella-

433 3550 577 3598 tione
621 3549 736 3615 ipsa
782 3548 1158 3613 prosequenda
1204 3558 1258 3597 et
1301 3566 1395 3598 sua
1441 3547 1753 3598 innocentia
1800 3547 2166 3606 ostendenda3
2212 3543 2435 3610 predicti

435 3644 619 3681 tamen
664 3632 949 3698 episcopus
996 3643 1050 3681 et
1095 3631 1446 3696 inquisitores
1493 3649 1615 3680 eum
1664 3650 1844 3681 eoram
1892 3631 2020 3697 ipsis
2066 3631 2133 3679 ad
2180 3628 2432 3679 iudicium

433 3716 651 3766 evocari
688 3717 936 3766 fecerunt
973 3718 1042 3766 ad
1079 3717 1259 3766 locum
1298 3715 1466 3765 etiam
1505 3715 1607 3765 sibi
1644 3734 1754 3764 non
1791 3725 1998 3775 tutum,
2037 3713 2308 3763 neminem
2346 3711 2433 3760 ad·

438 3799 719 3848 mittentes
752 3801 821 3849 ad
853 3799 1021 3867 ipsius
1057 3800 1258 3850 Hervei
1290 3799 1596 3850 absentiam
1629 3800 2030 3859 excusandum,
2062 3789 2196 3864 ymo·
2222 3813 2409 3846 excom
