2540 4354
908 462 922 471 ,
952 426 1167 471 ntuetr
1207 426 1287 463 xn
2021 407 2123 465 243
2179 406 2182 409 ’

957 596 1277 693 -163ᾗ

221 755 520 808 Guillaume
555 757 816 808 Lombard
849 758 1003 819 recoit
1038 759 1222 810 l'ordre
1257 760 1562 813 d'instruire
1597 763 1642 814 le
1675 767 1851 830 proces
1886 762 1958 813 du
1992 761 2122 829 frere

91 862 104 897 ᾗ
149 839 356 894 ιηίιιοιιι·
425 839 603 891 Andre
663 840 724 891 de
786 840 1029 902 Galiano,
1086 842 1232 907 iadis
1290 845 1469 895 re'volte
1530 857 1699 896 contre
1737 845 1994 897 l’aulorite'
2061 845 2123 896 de

140 922 281 975 Jean
313 922 514 985 XXII,
541 923 785 990 parti-san
817 923 877 975 de
897 924 1094 975 Michel
1126 926 1187 976 de
1221 927 1429 990 Cese'ne,
1465 928 1719 995 heretique
1753 940 1797 980 et
1828 927 2132 980 schismati·'

99 1054 102 1061 1
138 1023 252 1074 que.
286 1034 357 1044 —
388 1005 658 1072 Avignon,
695 1007 759 1058 12
793 1008 930 1059 avril
967 1008 1117 1060 1337.

475 1131 580 1185 Rog.
610 1131 724 1184 Vol„
749 1139 782 1174 t.
808 1144 991 1185 cxxxn,
1017 1132 1091 1175 fol.
1120 1148 1233 1186 xxv,
1258 1150 1300 1176 ιι.
1326 1135 1395 1176 75.

211 1249 423 1303 Dilecto
471 1249 579 1301 filio
625 1251 883 1315 magistro
931 1252 1214 1303 Guillelmo
1264 1255 1555 1305 Lombardi
1579 1254 1614 1316 ¹,
1661 1255 1917 1306 canonico
1965 1254 2120 1306 Mira·

98 1326 105 1352 ³
132 1323 362 1403 piscem,
395 1332 524 1384 iuris
559 1333 729 1385 civilis
764 1334 1068 1401 professori,
1103 1337 1572 1389 familiarinostro.
1599 1338 1766 1388 —Ad
1784 1338 2120 1389 audientiam

107 1416 114 1461 ἶ
138 1417 313 1471 nostri
349 1417 692 1484 apostolatus
732 1419 980 1484 pervenit
1020 1421 1164 1484 quod
1205 1421 1448 1472 Andreas
1490 1422 1554 1471 de
1597 1421 1820 1472 Galiano
1843 1420 1881 1482 ²,
1922 1420 2121 1471 ordinis

138 1501 371 1554 fratrum
405 1501 693 1564 minorum,
732 1502 907 1552 Deum
941 1512 997 1553 et
1032 1504 1221 1554 Sedem
1258 1505 1611 1570 apostolicam
1632 1505 1899 1569 {idemque
1935 1505 2120 1555 catho-

101 1583 300 1637 'licam
346 1585 583 1650 graviter
626 1585 916 1646 offendere,
946 1586 1186 1637 eiusdem
1233 1587 1432 1638 ordinis
1480 1589 1765 1638 honestate
1813 1588 2021 1639 calcata
2068 1587 2122 1637 in

110 1684 232 1725 reue
273 1667 665 1719 detrimentum
706 1668 885 1720 anime
929 1688 991 1721 ac
1034 1670 1389 1736 plurimorum
1432 1672 1901 1730 scandalum,non
1943 1669 2122 1721 formi-

8 1733 14 1772 ἶ
95 1746 99 1747 ⁷
140 1751 294 1814 daus,
326 1751 454 1803 olim
484 1753 746 1803 adversus
776 1752 944 1803 felicis
975 1753 1364 1804 recordationis
1383 1755 1691 1805 Johannem
1711 1772 1908 1819 papam
1952 1752 2120 1804 XXII

12 1823 21 1887 ¹.
110 1823 115 1846 ⁵
139 1835 566 1903 predecessorem
608 1846 858 1887 nostrum
898 1835 1119 1902 eiusque
1138 1837 1525 1888 auctoritatem
1549 1847 1604 1886 et
1629 1836 1820 1887 Sedem
1854 1836 2120 1902 prefatam

138 1918 397 1970 nonnulla
434 1918 570 1970 falsa
606 1929 662 1969 et
698 1919 1028 1972 detractoria
1066 1938 1169 1986 que
1207 1920 1475 1971 scismatis
1511 1930 1566 1970 et
1603 1920 1797 1970 heresis
1834 1919 2120 1985 sapiebant

116 2000 385 2070 ’ςοιίιιιίιιεῃ
431 2002 589 2064 dixit,
635 2002 883 2065 asseruit,
931 2003 1230 2069 predicavit
1276 2013 1331 2052 et
1377 2003 1767 2054 docmatizavit
1813 2002 2119 2068 perniciosis

118 2086 196 2147 [ht
248 2082 548 2135 temerariis
610 2084 830 2135 ausibus
892 2094 1007 2135 tam
1066 2085 1279 2151 publice
1353 2103 1518 2150 quam
1577 2085 1784 2134 occulte
1859 2082 2119 2149 potestati

18 2164 29 2181 ι
93 2176 105 2180 ”
155 2192 161 2209 2
225 2167 541 2221 auctoritati
573 2170 958 2235 predecessoris
991 2170 1203 2236 prefati,
1237 2171 1367 2220 dum
1397 2171 1574 2220 adhuc
1606 2169 1830 2227 viveret,
1874 2178 1928 2217 et
1971 2166 2119 2217 Sedis

102 2249 379 2304 eiusdem
426 2251 505 2303 ori
550 2270 646 2303 suo
693 2253 994 2319 improvide
1040 2253 1225 2304 laxata
1273 2252 1492 2303 licencia
1541 2244 1896 2302 diversimode
1946 2252 2121 2300 detra·

35 2347 42 2356 ⁴
131 2327 335 2388 sshendo.
389 2337 460 2386 Et
509 2335 733 2386 ulterius
784 2346 898 2387 tam
950 2337 1196 2388 Michaeli
1245 2337 1311 2386 de
1374 2338 1574 2387 Cesena
1599 2335 1636 2398 ³,
1699 2335 1824 2385 olim
1875 2333 2121 2384 ministro

119 2413 371 2471 flatrum
419 2418 619 2470 ordinis
668 2419 955 2483 minorum,
986 2421 1050 2470 de
1098 2419 1268 2470 heresi
1313 2430 1368 2469 et
1414 2420 1667 2471 scismate
1700 2418 2121 2482 condempnato‚

133 2526 202 2570 ..χι
231 2521 307 2554 ιιι
351 2502 470 2555 aliis
517 2502 740 2554 diversis
787 2503 1036 2555 hereticis
1081 2514 1136 2553 et
1180 2502 1497 2554 scismaticis
1542 2519 1702 2568 super
1747 2501 1930 2551 multis
1976 2501 2121 2549 here·

126 2575 310 2653 ,ζ”ιιῃ
354 2587 622 2638 erroribus
666 2597 723 2637 et
767 2587 1113 2638 scismatibus
1158 2587 1373 2637 adhesit
1418 2596 1473 2637 et
1519 2585 1658 2637 iavit
1703 2602 1766 2635 ac
1810 2582 2123 2633 rebelliones

228 2667 624 2721 inobedientias
656 2670 966 2721 innumeras
984 2680 1172 2720 contra
1202 2669 1405 2720 dictam
1438 2667 1629 2718 Sedem
1659 2677 1713 2716 et
1746 2667 1906 2716 fidem
1937 2666 2121 2715 catho-

126 2770 300 2806 sam
342 2753 582 2820 aliosque
625 2753 864 2804 diversos
907 2770 1155 2803 excessus
1199 2752 1550 2803 detestandos
1593 2761 1647 2800 et
1690 2749 1820 2800 alias
1866 2747 2121 2813 multipli-

50 2848 58 2906 ’,
127 2827 192 2899 ,5
221 2851 279 2887 er
318 2846 533 2902 patrare
577 2854 639 2887 ac
683 2836 1021 2887 committere
1066 2854 1172 2886 non
1216 2835 1456 2901 expavit.
1504 2833 1612 2884 Nos
1679 2832 1842 2897 igitur
1884 2831 2123 2879 volentes

51 2911 58 2971 s
136 2916 305 2988 ‘uper
335 2919 436 2971 hiis
468 2919 680 2971 iusticie
713 2920 957 2971 debitum
974 2919 1231 2979 exhiberi,
1251 2915 1559 2969 discretioni
1573 2927 1664 2966 tue
1684 2933 1777 2981 per
1806 2913 2121 2980 apostolica,

138 3018 209 3047 fu
236 3001 351 3068 ‘pta
396 3003 790 3054 committimus
835 3014 891 3053 et
936 3002 1259 3054 mandamus
1306 3001 1563 3067 quatinus
1609 3010 1724 3050 tam
1771 3016 1892 3048 cum
1937 2996 2124 3046 eodem

309 3103 360 3136 a
411 3103 576 3152 quam
629 3086 780 3150 alias,
834 3086 973 3137 sicut
1025 3085 1272 3150 exigente
1327 3084 1538 3135 iusticia
1593 3082 1752 3133 fuerit
1774 3090 2121 3146 oportunum,

228 3192 234 3208 ⁴
262 3184 307 3219 r
331 3169 585 3234 predictis
613 3180 668 3219 et
700 3186 759 3220 ea
794 3168 1202 3235 quomodolibet
1246 3167 1594 3232 tangentibus
1622 3164 1934 3230 simpliciter
1965 3172 2019 3210 et
2057 3161 2122 3209 de

164 3252 187 3314 ’ὕ
219 3247 223 3250 ’
252 3266 305 3300 ·o
333 3250 443 3302 sine
477 3253 706 3318 strepitu
738 3261 792 3301 et
821 3252 990 3316 figura
1024 3251 1205 3301 iudicii
1235 3251 1522 3301 veritatem
1550 3248 1839 3314 inquirens,
1873 3243 2122 3293 exhibere

166 3355 173 3401 3
244 3340 301 3386 ta
339 3333 504 3401 ipsius
544 3335 754 3386 Andree
796 3334 988 3385 merita
1027 3335 1113 3384 vel
1152 3333 1413 3384 demerita
1453 3332 1674 3382 studeas
1734 3328 1940 3379 iusticie
1981 3343 2123 3375 com·

172 3426 500 3474 =mentum.
544 3419 665 3470 Non
679 3417 1028 3469 obstantibus
1055 3399 1416 3483 exemptionis
1443 3425 1541 3466 aut
1557 3409 1841 3479 quibusvis
1863 3409 1981 3460 aliis
2022 3407 2125 3474 pri·

148 3527 167 3557 ·,
189 3494 373 3563 ··ςὶἱί,
409 3501 595 3565 gratiis
629 3510 686 3551 et
720 3500 1234 3565 indulgentiis[etc.].
1272 3528 1339 3535 —-
1376 3500 1579 3548 Datum
1618 3492 1894 3553 Avinioni,
1932 3510 1970 3541 11
2006 3490 2127 3541 idus

75 3651 82 3654 ¹
136 3612 156 3643 ,ς
190 3579 355 3646 prilis,
395 3600 537 3634 anno
579 3585 762 3635 tercio.

82 3768 84 3770 Ι
155 3707 157 3709 ’
204 3709 246 3752 1.
275 3710 384 3755 Voir
406 3727 452 3756 n.
478 3714 579 3768 150,
603 3722 713 3757 note
737 3715 780 3757 3.

86 3839 91 3844 ¹
138 3794 148 3802 ”
184 3779 245 3822 »2-
275 3779 422 3825 Andre
437 3781 497 3825 do
512 3782 702 3827 estimo
718 3783 944 3826 mbram
962 3782 1124 3825 l'ordre
1140 3781 1405 3824 tanei-eain
1422 3782 1448 3821 ὰ
1468 3779 1735 3822 Solmonne«
1755 3787 1834 3831 par
1866 3773 2126 3824 devotion»,
