2540 4354
837 350 1124 399 canonum
1169 365 1224 401 xi
1918 354 2023 408 429

862 547 1206 608 -302-

120 709 364 776 L'bveque
405 709 465 760 de
523 708 710 759 Massa
753 720 798 762 el
844 710 1195 777 l’inquisiteur
1242 713 1494 774 Francois
1541 715 1716 765 Bor-rel
1738 716 1754 746 ¹
1814 718 2021 770 devront

82 809 91 817 ‘
161 791 377 844 uincire
420 791 492 842 los
536 795 743 858 e'vlques
788 796 822 843 ὰ
867 794 1111 859 pour-vair
1155 797 1188 844 ὰ
1234 795 1516 847 l’entretien
1559 798 1646 848 des
1700 799 2024 863 prisonniers

132 875 364 944 gincius
395 874 456 925 de
487 875 624 925 leurs
655 876 878 926 dioceses
910 877 1191 942 respectils.
1229 878 1325 928 Les
1357 879 1647 930 ordinaire-s
1678 882 1767 947 qui
1797 884 2023 936 ser-aient

94 974 202 1012 ὀε
233 958 344 1025 che}
376 969 490 1025 trop
525 959 840 1012 lom-dement
874 961 1084 1025 charges
1119 972 1287 1012 ser-ont
1322 963 1464 1014 uides
1500 982 1598 1029 par
1625 965 1760 1015 leurs
1775 967 2023 1031 collegam

121 1042 136 1057 ⁸
170 1041 264 1095 ἰν.
293 1069 364 1078 -
388 1042 658 1108 Avignon,
687 1043 717 1094 7
747 1046 967 1095 octobre
999 1045 1148 1095 1375.

394 1177 502 1231 Bag.
519 1175 674 1287 (1]αὰ
672 1183 706 1284 ι).
733 1189 932 1230 ectxvn,
961 1176 1036 1219 fol.
1063 1178 1116 1218 37
1144 1181 1216 1228 v⁰;
1241 1178 1479 1233 Wadding,
1503 1179 1684 1232 Αηηαὶ.,
1695 1181 1753 1222 ad
1777 1195 1881 1223 ann.
1898 1182 2026 1236 1375,

334 1247 380 1276 n.
406 1246 492 1276 xxx
537 1246 586 1274 m
675 1262 687 1273 .
709 1261 722 1273 .

131 1353 447 1408 Venerabili
470 1352 626 1405 fratri
660 1350 917 1412 Antonio,
954 1351 1204 1418 episcopo
1245 1353 1494 1417 Massam,
1532 1362 1822 1423 apostolice
1874 1363 2022 1414 Sedis

96 1438 267 1502 4tio‚
302 1448 360 1489 et
396 1436 595 1488 dilecto
636 1435 745 1486 filio
786 1434 1069 1486 Francisco
1110 1436 1308 1499 Borilli,
1349 1440 1546 1491 ordinis
1587 1443 1815 1495 fratrum
1855 1447 2023 1497 mino-

159 1552 162 1560 ι
233 1521 292 1575 in
330 1537 482 1576 sacra
523 1518 794 1583 theologia
838 1517 1114 1583 magistro,
1157 1519 1213 1570 in
1255 1521 1544 1584 Arelatem,
1589 1525 1816 1591 Aquom,
1863 1529 2025 1579 Ebre·

133 1632 137 1642 τ
219 1632 223 1643 ι
260 1643 276 1668 ,
325 1603 583 1655 Viennen.
629 1612 686 1653 et
731 1602 1103 1654 Tarantasien.
1154 1604 1227 1668 (a)
1247 1603 1579 1669 civitatibus,
1626 1609 1924 1663 diocesibus
1969 1622 2026 1663 et

109 1696 147 1705 ’
177 1686 347 1739 ·⁰ciis
382 1685 693 1753 inquisitori
729 1686 961 1736 heretice
1000 1686 1310 1752 pravitatis,
1349 1690 1600 1753 salutem,
1639 1703 1741 1743 etc.
1781 1722 1849 1730 -
1885 1695 2026 1760 Apo·

143 1824 173 1837 f
201 1769 284 1822 tui
329 1780 519 1822 nostro
568 1769 870 1835 significare
923 1769 1151 1821 curastis
1203 1788 1298 1820 vos
1351 1790 1603 1837 magnam
1622 1777 2025 1829 multitudinem

186 1853 418 1907 tinorum
445 1852 567 1919 capi
592 1852 778 1903 iecisse
802 1863 858 1902 et
884 1863 1067 1903 tenere
1093 1854 1392 1904 carceribus
1421 1858 1774 1923 mancipatos,
1801 1870 1855 1909 et
1882 1862 2025 1926 quod

191 1946 321 1990 sunt
368 1937 514 2003 quod
561 1936 636 1988 eis
684 1936 944 1988 alimenta
994 1936 1297 1987 ministrare
1348 1939 1607 2004 nequitis3
1658 1960 1820 2006 quare
1869 1962 2028 2009 super

208 2037 307 2072 nos
357 2014 632 2070 consulere
683 2018 988 2071 curavistis.
1044 2019 1153 2070 Nos
1203 2020 1367 2085 igitur
1418 2033 1594 2072 vestre
1645 2026 2027 2076 consultationi

106 2129 168 2172 ,π
197 2103 443 2155 uidemus
475 2103 621 2169 quod
652 2121 776 2154 cum
806 2102 1117 2155 huiusmodi
1147 2103 1312 2169 pestis
1346 2104 1577 2157 heretica
1609 2124 1675 2155 ex
1706 2108 2025 2172 negligentia

161 2184 182 2229 ⁸
195 2185 450 2239 riorum
486 2185 774 2237 increverit
808 2196 864 2236 et
901 2186 1046 2251 quod
1084 2197 1368 2252 propterea
1405 2187 1506 2254 ipsi
1542 2189 1794 2240 ordinarii
1844 2193 2026 2254 verbo,

141 2264 154 2274 ²
180 2304 209 2312 --
247 2287 312 2323 ac
341 2270 654 2338 sumptibus
685 2270 755 2322 ad
787 2269 1212 2336 extirpationem
1245 2270 1388 2320 dicte
1421 2271 1586 2337 pestis
1619 2273 1818 2323 debent
1850 2286 2026 2325 atten-

176 2382 186 2401 >=
203 2353 468 2417 laborare,
504 2352 816 2405 discretioni
852 2363 1030 2406 vestre
1068 2370 1162 2419 per
1210 2354 1506 2419 apostolica
1555 2356 1755 2422 scripta
1808 2359 2026 2410 manda·

146 2426 165 2449 ²
229 2436 484 2505 quatinus
532 2454 628 2487 vos
676 2437 762 2487 vel
809 2437 948 2488 alter
993 2446 1237 2487 vestrum
1285 2437 1582 2489 ordinarios
1631 2441 2027 2504 provinciarum

208 2519 348 2573 ’Ἧι
383 2531 466 2584 tu,
520 2520 595 2571 fili
630 2520 937 2586 inquisitor,
989 2518 1225 2571 officium
1282 2520 1651 2586 Inquisitionis
1700 2540 1910 2573 exerces
1961 2526 2028 2575 ad

209 2636 244 2643 -ι
276 2622 395 2656 um
432 2604 499 2655 de
541 2602 696 2655 bonis
733 2621 955 2655 suarum
993 2603 1339 2654 ecclesiarum
1378 2603 1578 2655 eisdem
1617 2606 1899 2657 carceratis
1939 2608 2031 2671 qui

139 2676 168 2759 ⁷3
241 2686 310 2741 de
359 2687 472 2739 suis
526 2686 844 2739 civitatibus
900 2686 986 2736 vel
1040 2686 1343 2740 diocesibus
1398 2685 1716 2739 sufficientia
1772 2689 2027 2740 alimenta

255 2769 269 2782 '
312 2779 390 2822 te
443 2780 633 2822 nostra
690 2788 784 2837 per
840 2787 1123 2821 censuram
1179 2768 1599 2822 ecclesiasticam
1657 2770 2031 2837 appellatione

242 2880 246 2891 ·
290 2853 367 2907 ‘ta
396 2854 733 2922 compellatis
764 2874 778 2904 ε
815 2854 1066 2905 invocato
1097 2853 1167 2904 ad
1200 2854 1319 2914 boc,
1351 2853 1395 2903 si
1427 2870 1561 2919 opus
1606 2853 1786 2917 fuerit,
1830 2854 2030 2906 auxilio

312 2937 585 2991 secularis.
635 2937 758 2989 Non
802 2937 1151 2988 obstantibus
1195 2937 1241 2986 si
1283 2937 1358 2987 eis
1406 2938 1489 2987 vel
1533 2954 1719 2988 eorum
1763 2938 2032 3003 aliquibus

260 3020 423 3072 niter
463 3021 549 3071 vel
592 3021 809 3072 divisim
852 3039 883 3072 a
930 3021 1064 3070 Sede
1107 3020 1402 3085 apostolica
1446 3020 1515 3070 sit
1559 3020 1831 3071 indultum
1888 3020 2031 3087 quod

197 3129 224 3144 -·
296 3104 329 3168 ⁰,
362 3105 625 3171 suspendi
667 3105 753 3155 vel
793 3104 1251 3155 excommunicari
1292 3121 1401 3153 non
1444 3103 1650 3168 possint
1692 3121 1784 3169 per
1824 3103 2032 3153 litteras

240 3185 388 3241 dicat
422 3205 534 3240 non
569 3187 830 3239 facientes
870 3188 1086 3254 plenam
1123 3197 1179 3237 et
1215 3203 1523 3252 expressam
1562 3204 1623 3236 ac
1660 3186 1724 3235 de
1763 3186 1926 3235 verbo
1964 3186 2031 3236 ad

182 3300 184 3303 -
236 3286 292 3324 m
314 3269 383 3322 de
407 3271 621 3323 indulto
650 3271 960 3323 huiusmodi
988 3270 1335 3321 mentionem.
1369 3269 1626 3319 Volumus
1665 3278 1849 3319 autem
1889 3269 2031 3334 quod

213 3386 216 3393 ,
250 3386 254 3390 ·
308 3354 610 3407 ordinarius
641 3355 694 3405 in
727 3355 846 3416 hoc,
880 3353 1231 3405 consideratis
1263 3351 1370 3402 suis
1403 3351 1775 3414 facultatibus,
1808 3351 2033 3402 nimium

275 3445 397 3501 tur,
429 3454 555 3490 eum
589 3438 885 3489 secundum
921 3437 1296 3487 discretionem
1333 3434 1483 3484 vobis
1519 3434 1707 3485 datam
1740 3423 1770 3485 a
1806 3434 2037 3485 Domino

322 3538 417 3588 per
462 3522 597 3573 alios
646 3521 850 3574 vicinos
898 3520 1196 3572 ordinarios
1244 3517 1485 3569 relevari.
1541 3517 1609 3567 Et
1656 3517 2034 3569 nichilominus

2 1857 18 1987 ἶ

4 1995 18 2059 a

77 3777 80 3784 Ι
216 3704 439 3763 waldi-g
462 3728 472 3755 :
500 3709 549 3752 in
571 3708 862 3763 Ebrudunum,
891 3708 1119 3763 Viennam,
1142 3715 1180 3751 οι
1206 3707 1505 3751 Tar-anausim.
