2540 4354
455 365 554 418 1¹12
853 387 1137 421 BULLAlnE
1179 388 1254 421 DE
1296 371 1712 431 L’momsrrmN
1754 386 2074 431 FRANcAlsE

448 503 532 552 vel
567 503 679 553 eius
716 503 982 555 vicarium
1017 504 1072 554 in
1108 503 1208 554 hiis
1245 505 1448 556 habeas
1485 521 1713 554 evocare
1745 503 1782 553 ³.
1821 502 1889 538 —'-
1926 503 2133 554 Datum
2184 514 2246 554 ut
2293 523 2454 572 supra

442 584 744 650 [Avinioni,
776 605 809 637 v
839 587 1099 638 kalendas
1129 587 1461 650 novembris,
1492 605 1636 638 anno
1667 587 2121 653 quartodecimo].

520 743 852 808 Raymundo
881 742 1055 793 Pelati
1081 741 1121 804 4,
1149 742 1351 793 ordinis
1376 743 1613 794 fratrum
1637 742 2063 809 predicatorum.
2091 773 2159 779 —
2187 745 2247 795 In
2277 745 2456 812 Inqui-

446 825 656 876 sitionis
686 827 904 891 negotio
935 845 1030 893 per
1057 826 1321 877 dilectum
1353 827 1526 877 filium
1559 826 1858 876 Henricum
1878 828 1942 877 de
1963 828 2262 894 Chamay0‚
2284 829 2456 896 inqui-

443 911 663 961 sitorem
707 911 941 961 heretice
983 911 1276 977 pravitatis
1318 911 1373 961 in
1415 911 1666 978 partibus
1709 911 2093 964 Carcassonen.
2127 913 2457 966 auctoritate

441 995 740 1061 apostolica
761 996 1095 1062 deputatum
1114 1013 1291 1063 nuper
1307 996 1410 1047 tibi
1429 995 1717 1047 commisso
1736 996 1791 1046 in
1810 996 1937 1047 villa
1959 997 2456 1063 Montispessulani,

445 1080 783 1144 Magalonen.
826 1079 1071 1142 diocesis,
1114 1082 1435 1143 exercendo,
1475 1081 1731 1131 volumus
1772 1081 1984 1146 tibique
2025 1082 2352 1132 mandamus
2391 1101 2455 1134 ex

444 1182 605 1214 causa
660 1164 921 1229 quatinus
973 1183 1095 1218 ven.
1150 1165 1378 1216 fratrem
1405 1168 1681 1215 ‘nostrum
1747 1164 2066 1231 episcopum
2116 1166 2452 1231 Magalonen.

440 1248 544 1298 loci
575 1248 911 1299 ordinarium
942 1251 1028 1299 vel
1059 1250 1172 1300 eius
1204 1250 1472 1301 vicarium
1503 1251 1706 1301 habeas
1737 1260 1793 1299 et
1823 1249 2022 1300 debeas
2067 1268 2312 1312 evocare,
2358 1270 2452 1302 nec

438 1332 493 1382 in
531 1333 722 1382 eodem
761 1333 979 1399 negotio
1020 1335 1234 1400 prefato
1275 1334 1547 1385 ordinario
1587 1334 1674 1384 vel
1712 1333 1825 1384 eius
1864 1334 2068 1385 vicario
2106 1353 2216 1384 non
2242 1335 2450 1387 vocatis

440 1417 803 1483 quovismodo
830 1419 1092 1484 procedas
1119 1419 1162 1470 si
1188 1430 1376 1470 tamen
1401 1419 1505 1485 ipsi
1545 1419 1631 1468 vel
1672 1437 1860 1468 eorum
1901 1418 2096 1484 aliquis
2137 1419 2191 1468 in
2219 1419 2318 1468 hiis
2362 1439 2450 1469 vo·

433 1500 637 1551 luerint
667 1501 944 1553 interesse.
979 1531 1048 1538 —
1081 1504 1289 1554 Datum
1322 1514 1384 1553 ut
1416 1522 1598 1569 supra.

490 1730 529 1768 1.
567 1729 705 1771 Henri
727 1731 783 1771 de
805 1729 1028 1784 Chamay3
1055 1730 1153 1772 voir
1174 1745 1216 1772 n.
1241 1731 1311 1783 84,
1335 1738 1441 1772 note
1463 1731 1503 1772 1.

496 1801 535 1841 2.
570 1800 687 1841 Jean
712 1801 767 1841 de
792 1799 958 1853 Vissec,
985 1803 1162 1854 prevot,
1190 1801 1290 1855 puis
1316 1803 1489 1854 eveque
1515 1802 1569 1842 de
1594 1800 1892 1853 Maguelonne
1922 1801 1992 1855 (14
2013 1815 2132 1842 mars
2153 1802 2305 1855 1328);
2327 1810 2446 1844 mort

437 1869 477 1910 16
499 1871 552 1910 28
575 1871 685 1911 aofit
704 1871 831 1911 1334.
861 1871 971 1912 Gall.
995 1872 1156 1923 christ„
1178 1879 1210 1912 t.
1234 1886 1298 1924 VI,
1320 1872 1402 1912 col.
1426 1872 1632 1924 781-782,
1654 1872 1758 1920 827;
1785 1871 1944 1924 Eubel,
1965 1871 2108 1925 Hier„
2129 1880 2162 1913 t.
2186 1886 2217 1922 1,
2240 1887 2282 1925 p.
2305 1873 2402 1914 334.

488 1942 527 1981 3.
562 1941 600 1980 A
627 1955 759 1982 cause
785 1942 861 1982 des
891 1941 1235 1995 complications
1261 1943 1516 1995 presente-es
1543 1956 1626 1995 par
1649 1942 1689 1982 le
1713 1956 1892 1983 recours
1918 1943 1944 1982 a
1963 1942 2169 1995 l’eveque
2189 1943 2243 1983 de
2263 1942 2442 1995 Mague-

431 2009 581 2062 leuno,
604 2011 719 2052 Jean
742 2011 885 2052 XXII
907 2012 1073 2065 permit
1094 2027 1181 2066 peu
1204 2015 1333 2066 apres
1359 2012 1429 2066 (27
1451 2011 1566 2054 avril
1585 2011 1711 2064 1330)
1737 2013 1762 2052 a
1783 2011 2086 2065 l'inquisitcur
2104 2013 2159 2053 de
2178 2013 2272 2053 s'en
2292 2027 2443 2066 passer
2514 2013 2518 2017 ”

436 2081 496 2135 (n.
526 2081 620 2134 98);
649 2082 761 2123 mais
790 2082 992 2124 Clement
1018 2082 1124 2136 VII,
1151 2085 1176 2124 a
1203 2084 1244 2125 la
1273 2083 1415 2137 priere
1442 2085 1519 2124 des
1546 2082 1781 2124 habitants
1809 2084 1864 2124 de
1884 2082 2183 2137 Montpellicr,
2204 2082 2438 2136 exigeade

427 2166 639 2193 nouveau
666 2152 709 2194 la
738 2154 948 2206 presence
975 2155 1030 2194 de
1058 2154 1262 2207 l'eveque
1294 2154 1352 2208 (n.
1382 2153 1499 2206 311).

487 2223 526 2263 4.
563 2222 805 2275 Raymond
832 2223 974 2276 Pelat,
999 2225 1113 2266 dont
1136 2239 1248 2266 nous
1273 2239 1528 2278 apprenons
1553 2224 1608 2265 ici
1633 2224 1742 2278 qu’il
1762 2223 1915 2265 faisait
1934 2224 2092 2265 l’office
2112 2225 2168 2265 de
2186 2223 2435 2266 lieutenant

429 2293 485 2333 de
508 2292 810 2346 l'inquisiteur
831 2295 886 2335 de
909 2294 1212 2336 Carcassonne
1234 2296 1347 2336 dans
1369 2295 1412 2336 la
1434 2294 1536 2335 ville
1556 2296 1611 2336 dc
1631 2293 1930 2348 Montpellier,
1952 2294 2175 2348 participa
2194 2295 2220 2335 a
2239 2294 2434 2336 l'assem·

427 2362 524 2403 blec
556 2363 861 2406 consultative
892 2365 1095 2418 chat-gae,
1126 2365 1166 2406 le
1197 2366 1222 2406 4
1253 2365 1352 2418 juin
1383 2366 1511 2418 1329,
1543 2364 1823 2407 d'examiner
1841 2365 1901 2406 les
1921 2363 2070 2407 fautes
2090 2365 2152 2406 du
2171 2363 2434 2406 franciscain

429 2432 577 2474 Pierre
599 2433 629 2474 J
633 2433 765 2476 ulien.
793 2435 830 2475 Il
852 2435 926 2477 fut
947 2435 1094 2477 d’avis
1118 2449 1206 2489 que
1229 2450 1277 2477 ce
1299 2435 1530 2488 religieuX,
1554 2435 1658 2477 bien
1681 2449 1769 2490 que
1791 2436 1953 2489 relaps,
1974 2449 2029 2476 ne
2048 2434 2205 2477 devait
2223 2437 2316 2476 etre
2335 2449 2436 2476 con-

426 2503 591 2545 damnes
618 2505 723 2558 qu’a
750 2505 791 2546 la
819 2505 971 2558 prison
997 2506 1287 2559 perpetuelle.
1318 2506 1453 2558 Doat,
1480 2514 1513 2548 t.
1542 2520 1696 2558 xxvn,
1721 2506 1797 2547 fol.
1826 2506 2041 2554 163-170;
2065 2504 2250 2557 Douais,
2271 2505 2334 2546 La
2350 2505 2433 2557 sor-

425 2574 541 2614 mule
566 2572 910 2628 communicato,
936 2582 1027 2629 etc„
1055 2591 1098 2630 p.
1128 2576 1198 2628 51,
1225 2577 1294 2617 54.
1325 2576 1392 2617 De
1418 2584 1600 2618 concert
1625 2591 1736 2618 avec
1763 2576 1915 2618 Menet
1941 2577 1994 2617 dt-
2020 2575 2295 2627 Robecourt,
2315 2588 2431 2625 com?

423 2642 624 2686 missaire
647 2646 703 2686 de
726 2645 1034 2699 l'Inquisition
1062 2646 1120 2700 (n.
1147 2648 1218 2699 28,
1243 2654 1350 2688 note
1374 2646 1438 2700 2),
1463 2647 1493 2687 il
1520 2646 1571 2686 fit
1596 2645 1724 2688 saisir
1747 2648 1860 2688 dans
1884 2661 1966 2688 son
1989 2646 2042 2687 lit
2061 2646 2100 2687 16
2121 2647 2269 2699 pretre
2290 2644 2434 2686 Pierre

423 2715 478 2755 de
498 2714 803 2768 Tournemire‚
823 2718 982 2758 accuse
1002 2716 1179 2760 d’avoir
1199 2717 1423 2759 embrasse
1444 2719 1557 2759 dans
1578 2731 1659 2759 son
1678 2717 1813 2771 jeune
1832 2719 1914 2770 age
1933 2718 1975 2759 la
1995 2724 2115 2759 secte
2134 2717 2211 2758 des
2230 2714 2430 2768 beguins,

421 2791 466 2825 ct
489 2784 528 2825 le
556 2784 608 2826 fit
631 2784 844 2827 conduire
867 2785 1128 2830 demi-mort
1152 2788 1178 2828 a
1203 2786 1520 2840 Carcassonne,
1546 2788 1602 2829 οὺ
1627 2787 1656 2828 il
1682 2787 1836 2841 expira
1865 2787 1923 2842 (n.
1950 2787 2067 2840 189).

1278 3233 1564 3294 -89-

492 3394 563 3445 Le
588 3413 727 3461 pape
753 3396 982 3446 ordonne
1008 3400 1040 3447 ὰ
1067 3397 1287 3464 Γένέᾳιιε
1313 3399 1415 3448 d’A
1427 3399 1592 3448 miens
1619 3410 1663 3449 et
1689 3401 1721 3448 ὰ
1749 3396 2107 3464 l’inquisiteur
2133 3396 2192 3446 de
2219 3396 2420 3446 France

419 3480 695 3530 d’intenter
738 3499 812 3530 un
853 3486 1030 3546 proces
1073 3482 1321 3533 d’he're'sie
1363 3502 1434 3533 αιι
1476 3485 1603 3533 clerc
1645 3482 1904 3543 Francois
1946 3482 2005 3531 de
2027 3481 2176 3543 Todi,
2213 3480 2418 3545 inculpe'

419 3563 619 3613 d'avoir
642 3564 825 3629 pre'che
849 3565 1061 3616 nombre
1083 3566 1339 3617 d’erreurs
1364 3579 1533 3617 contre
1558 3567 1743 3617 l’unite
1781 3567 1841 3616 de
1879 3565 1910 3615 l’
1929 3555 2123 3630 Eglise,
2166 3566 2218 3615 la
2253 3567 2416 3614 re‘sur-

418 3648 609 3697 rection
648 3648 707 3697 de
746 3649 799 3698 la
837 3650 983 3699 chair
1021 3659 1065 3700 et
1104 3652 1148 3701 le
1186 3663 1469 3701 sacrement
1509 3651 1568 3701 de
1608 3650 1972 3702 l’eueharistie.
2030 3679 2097 3684 —
2151 3649 2417 3713 Avignon,

415 3731 446 3780 9
469 3731 682 3795 janvier
708 3731 859 3784 1330.
