2540 4354
909 413 1258 446 Appnmnxcsss
1965 401 2066 454 515

962 610 1260 668 -V1-

156 769 338 822 Pierre
367 768 568 820 Amelii
599 772 833 833 presente
864 787 935 818 au
966 787 1103 835 pape
1134 788 1229 820 son
1260 772 1433 821 socius
1465 773 1508 822 le
1537 773 1864 838 franci-souin
1896 779 2067 828 Fran·

86 852 195 915 pois
219 851 415 913 Bor-rel,
441 850 532 916 qui
556 861 629 901 est
652 850 838 915 charge
861 850 920 900 de
945 851 1258 902 l'entretenir
1282 853 1341 902 de
1364 854 1586 905 diverses
1611 857 1840 921 affaire-9,
1870 871 2066 910 notam·

87 945 228 991 ment
261 934 323 985 de
357 933 582 984 cer-taine
617 933 909 983 desiderata
958 934 1157 999 relatis-s
1206 938 1239 983 ὰ
1288 937 1340 985 la
1389 939 1681 1002 repression
1730 942 1789 991 de
1838 941 2069 993 l’he're'sie

87 1017 223 1071 dom
261 1017 307 1068 le
343 1017 542 1068 diocese
579 1016 893 1067 d‘Embrun.
935 1044 1004 1051 —
1045 1017 1306 1080 Embrun,
1350 1020 1438 1070 7-8
1477 1021 1759 1075 decembre
1802 1025 1935 1076 1368
1958 1025 1996 1077 ¹.

427 1147 604 1189 Amat.
630 1145 759 1199 LIII,
786 1154 821 1188 t.
845 1159 918 1198 ix,
945 1161 988 1201 p.
1019 1148 1115 1188 274.

63 1338 69 1347 ί
158 1265 507 1318 Sanctissime
532 1283 595 1317 ac
619 1264 930 1315 beatissime
960 1266 1135 1315 Pater.
1165 1265 1299 1328 Quia
1329 1268 1518 1318 Vestra
1546 1268 1817 1322 Sanctitas
1850 1274 2066 1338 quando

65 1346 172 1420 suile
213 1348 360 1401 misit
400 1349 469 1401 ad
510 1348 791 1399 ecclesiam
833 1348 996 1398 istam
1037 1348 1341 1413 specialiter
1380 1350 1616 1402 iniunxit
1655 1355 1912 1408 adhibere
1951 1357 2069 1408 dili.

57 1421 328 1503 ¹gentiam
383 1431 521 1483 circa
578 1430 986 1482 conversionem
1042 1431 1418 1493 hereticorum,
1475 1452 1570 1498 ego
1626 1446 1756 1487 tunc
1809 1439 2070 1503 requisivi

62 1515 476 1587 provincialem
520 1514 754 1566 fratrum
801 1513 1071 1563 minorum
1117 1516 1261 1579 quod
1307 1515 1605 1578 assignaret
1651 1519 1822 1570 michi.
1854 1521 2071 1587 aliquos

66 1598 280 1655 iratres
318 1601 455 1650 bene
490 1597 767 1649 litteratos
804 1607 860 1646 et
897 1607 1150 1661 expertos
1189 1616 1250 1647 ac
1294 1598 1418 1648 fidei
1455 1600 1715 1652 zelatores
1755 1621 1852 1667 pro
1892 1604 2071 1669 predi·

99 1682 259 1735 ndo
313 1692 371 1732 et
427 1680 793 1734 ammonendo
850 1678 1046 1744 iugiter
1103 1691 1291 1731 contra
1351 1681 1702 1733 Valdensium
1743 1685 1954 1738 hereses
2012 1699 2073 1738 et

62 1781 303 1829 :errorem
352 1766 473 1830 Ipse
513 1780 643 1814 vero
684 1762 1074 1813 deliberatione
1117 1762 1304 1814 habita
1346 1764 1498 1815 dedit
1539 1765 1702 1815 michi
1741 1767 1953 1832 aliquos
2010 1780 2068 1820 et

124 1875 132 1894 ι
159 1847 388 1900 cialiter
412 1848 551 1898 duos
577 1845 769 1911 utique
795 1846 932 1895 tales
959 1845 1099 1895 sicut
1127 1847 1398 1910 petebam,
1429 1847 1521 1912 qui
1548 1866 1758 1898 mecum
1788 1862 2069 1903 manentes

56 1941 137 1984 >et
183 1929 460 1999 premissis
510 1929 725 1981 assidue
774 1928 1105 1989 insistentes,
1159 1930 1291 1978 bene
1344 1930 1689 1993 profecerunt
1739 1934 1918 1996 gracia
1972 1935 2072 1985 Dei

79 2015 220 2070 ⁴'nea
273 2012 757 2080 preservationem,
812 2029 879 2062 ne
932 2013 1109 2076 plures
1176 2012 1445 2076 simplices
1510 2013 1846 2075 laberentur3
1914 2017 2071 2081 quin-

62 2111 101 2129 “
135 2114 265 2149 nmo
312 2098 485 2148 multa
531 2094 923 2159 condempnati
963 2104 1020 2142 et
1064 2094 1260 2158 relapsi
1306 2094 1523 2158 fugitivi
1568 2107 1804 2161 querunt
1834 2099 2071 2150 reconci-

61 2181 199 2232 f'wart
231 2178 594 2232 ecclesiastice
632 2176 862 2237 unitati;
902 2176 1211 2241 supplicant
1235 2186 1437 2226 tamen
1474 2178 1683 2227 remitti
1719 2179 1823 2229 sibi
1874 2199 2071 2245 penam

73 2258 120 2325 ‚⁸2
147 2264 215 2316 ·is
248 2275 304 2315 et
337 2263 548 2328 aliquas
586 2261 789 2326 gratias
830 2260 943 2309 fieri
979 2259 1117 2310 circa
1154 2259 1530 2324 rigoremiuris
1550 2271 1604 2311 et
1623 2280 1973 2326 processuum
1990 2264 2071 2314 in-

86 2339 94 2362 ³
130 2346 373 2399 isitoris.
404 2347 504 2396 Pro
531 2344 728 2411 quibus
753 2342 1092 2408 exponendis
1120 2343 1219 2407 Ap.
1251 2343 1367 2406 (sic)
1410 2343 1722 2405 Sanctitati,
1777 2363 2069 2410 proposue-

117 2457 121 2474 .-
140 2449 195 2482 ιιι
223 2431 333 2483 iam
360 2439 444 2479 est
472 2427 567 2479 diu
597 2426 815 2477 mittere
843 2427 910 2477 ad
944 2427 1105 2490 pedes
1136 2425 1504 2476 Beatitudinis
1526 2426 1714 2476 Vestre
1732 2428 2066 2492 presentium

110 2540 121 2557 ι
149 2513 461 2572 bibitorem‚
494 2509 588 2576 qui
616 2519 701 2560 est
732 2507 1044 2574 principalis
1075 2507 1216 2557 inter
1248 2507 1517 2572 predictos
1550 2508 1743 2559 fratres
1770 2510 1805 2571 ²,
1838 2512 1930 2562 sed
1962 2528 2070 2562 non

96 2596 238 2648 otui
276 2604 502 2662 propter
543 2610 761 2659 guerras
803 2602 858 2641 et
901 2591 1040 2643 mala
1088 2590 1407 2654 multiplicia
1451 2608 1554 2655 que
1597 2591 1888 2655 viguerunt
1929 2593 2071 2643 inter

101 2689 109 2703 '
153 2678 447 2732 ovinciales
496 2687 554 2727 et
607 2674 959 2741 Dalphinales
1011 2673 1066 2723 in
1118 2683 1337 2723 tantum
1390 2675 1534 2737 quod
1587 2674 1768 2724 omnia
1832 2675 2068 2727 confinia

95 2768 105 2799 ἱ
142 2779 439 2827 torumque
480 2759 632 2813 clade
675 2757 865 2810 bellica
907 2767 963 2806 et
1006 2755 1385 2806 crudelissimis
1429 2755 1688 2807 incendiis
1745 2757 1883 2808 adeo
1939 2768 2070 2807 sunt

111 2854 360 2899 -structa
415 2843 563 2909 quod
617 2841 712 2891 vix
765 2858 1009 2904 unquam
1044 2849 1303 2903 poterunt
1338 2838 1592 2902 reparari.
1629 2839 1713 2891 Et,
1761 2857 1855 2903 pro
1882 2840 2068 2891 dolor!

110 2930 259 2980 ·huc
308 2945 418 2979 non
455 2934 685 2976 cessant.
731 2923 886 2973 Unde
924 2928 1019 2987 pro
1040 2920 1309 2985 premissis
1327 2931 1383 2970 et
1403 2920 1730 2985 quibusdam
1748 2922 2069 2986 urgentibus

181 3009 499 3063 essitatibus
546 3006 678 3057 meis
720 3016 776 3055 et
821 3005 992 3055 totius
1039 3003 1164 3053 cleri
1210 3002 1371 3053 michi
1415 3003 1687 3053 commissi
1718 3004 1880 3054 mitto
1921 3022 2066 3055 nunc

101 3099 109 3153 j
160 3094 359 3146 fatum
400 3091 712 3157 religiosum
732 3087 1067 3155 presentium
1095 3086 1806 3150 exhibitorem,supplicans
1851 3087 2066 3139 humili·

86 3173 167 3230 ’-ι·
204 3187 263 3228 et
305 3177 504 3227 devote
550 3172 810 3239 quatinus
858 3172 918 3221 V.
966 3171 1015 3220 S.
1060 3188 1186 3219 eum
1236 3169 1527 3218 clementer
1569 3168 1755 3220 audire
1811 3169 2067 3234 dignetur

100 3249 111 3265 i
165 3269 391 3328 propter
421 3257 598 3307 Deum
627 3253 946 3305 clementius
976 3251 1251 3303 exaudire.

102 3455 111 3476 :¹
137 3426 181 3469 1.
214 3426 399 3480 ὓάριὸσ
422 3424 620 3465 d'autroe
643 3421 796 3462 lettres
835 3417 1065 3472 expedisses
1091 3430 1170 3470 par
1193 3416 1231 3456 le
1255 3418 1397 3456 meme
1435 3429 1653 3468 messager
1676 3423 1722 3456 et
1745 3416 1896 3457 datees
1911 3417 1966 3459 de
1991 3431 2061 3459 ces

102 3627 106 3634 Δ
137 3565 179 3607 2.
205 3525 418 3622 ‘Franeois
447 3560 611 3603 Bon-el.
