2540 4354
977 415 1124 450 sun«
1169 415 1297 449 κιαι
2027 393 2129 448 203

141 549 261 584 mus
291 530 568 599 quatinus,
600 539 798 582 vocato
827 528 975 582 dicto
1003 527 1340 596 inquisitore,
1373 529 1459 580 vel
1488 527 1601 580 eius
1631 527 1775 579 vices
1806 537 2041 593 gerente,
2061 543 2124 577 ac

83 636 91 645 ·
142 631 251 667 una
278 632 403 665 cum
427 613 545 681 ipso
571 613 627 664 in
655 611 926 680 premissis
953 613 1176 663 solerter
1202 622 1258 663 et
1287 612 1518 663 fideliter
1544 612 1830 678 procedere
1875 629 1938 662 ac
1983 627 2125 660 com-

81 704 89 755 ζ
142 698 482 765 plementum
531 695 743 748 iusticie
793 696 1017 747 reddere
1068 695 1404 747 studeatiS...
1458 724 1527 732 —
1580 696 1786 747 Datum
1852 691 2126 756 Avinioni,

140 779 261 832 idus
287 779 534 843 ianuarii,
561 797 704 831 anno
735 779 947 832 XVIII.

87 991 90 995 ,
195 952 237 995 1.
256 952 364 994 Voir
381 966 458 995 sur
476 959 596 995 cette
613 951 768 995 affaire
786 952 849 995 les
869 966 913 995 n.
934 952 1018 995 130
1042 952 1122 1006 bis,
1142 952 1225 995 130
1245 958 1320 1006 ter,
1338 953 1436 1005 132,
1457 952 1645 995 135-136
1665 958 1712 994 et
1732 958 1861 994 notre
1879 949 2090 993 memoire
2111 961 2124 994 ε

138 1021 294 1065 Prode
312 1021 642 1076 &laq-atomon,
664 1029 750 1065 etc.

976 1433 1321 1494 -140-

211 1597 284 1648 Le
312 1614 452 1663 pape
483 1595 705 1662 informe
736 1597 781 1647 le
799 1595 879 1647 roi
893 1596 954 1648 de
969 1597 1017 1648 F
1018 1614 1172 1648 rance
1185 1597 1272 1647 des
1290 1614 1514 1647 mesures
1530 1596 1698 1662 prise-s
1710 1595 1871 1662 jusqu
1893 1599 1926 1646 ὰ
1940 1614 1993 1646 ce
2008 1595 2127 1659 jour

107 1750 110 1751 ⁷
142 1682 179 1732 ὰ
197 1679 437 1732 Ρεηάνοίε
458 1679 546 1731 des
567 1679 864 1746 pour-suites
887 1683 1110 1731 exeredes
1132 1698 1232 1746 par
1253 1679 1476 1731 cer-taine
1493 1679 1832 1746 inquisiteurs
1858 1690 2027 1730 contre
2041 1677 2128 1729 des

144 1762 351 1826 delunte
385 1781 492 1815 non
523 1762 840 1815 convaincus
873 1763 1118 1814 d’here'sie
1152 1763 1213 1814 de
1246 1764 1357 1814 leur
1390 1763 1581 1814 vivant.
1603 1764 1674 1814 Le
1689 1781 1873 1829 papea
1905 1762 2127 1828 defendu

11 1859 20 1868 '
96 1916 113 1918 H
141 1863 238 1915 que
263 1845 371 1898 l’on
394 1846 680 1913 prononcdt
701 1847 789 1898 des
810 1858 1069 1899 sentences
1091 1858 1262 1898 contre
1300 1847 1361 1898 de
1396 1848 1533 1898 telles
1571 1865 1694 1912 gens
1732 1858 1889 1897 avant
1923 1845 2124 1897 d’avoir

101 1918 104 1922 ⁴
145 1929 259 1997 pris
285 1948 383 1981 son
410 1948 600 1997 propre
627 1930 758 1982 avis.
793 1930 844 1981 ΙΙ
871 1947 906 1980 a
933 1930 1100 1996 confie'
1128 1930 1382 1981 l’examen
1411 1931 1471 1981 de
1501 1941 1619 1981 cette
1647 1930 1883 1996 question
1912 1928 2129 1980 d’abord

19 2079 21 2082 Ι
145 2014 180 2065 ὀ
205 2012 356 2074 deux,
387 2012 513 2080 puis
541 2016 575 2065 ὰ
603 2024 780 2080 quatre
809 2013 1117 2074 cardinauoe,
1136 2014 1321 2064 devant
1337 2014 1551 2079 lesquels
1582 2032 1615 2063 a
1643 2031 1894 2078 compar-u
1910 2011 2123 2078 l’inqui·

17 2119 21 2123 ·
98 2148 102 2150 ,
130 2093 307 2172 ζίωιιν
333 2096 395 2148 de
422 2097 797 2150 Carcoe-senne.
830 2098 968 2149 Cette
995 2097 1332 2148 commis-sion
1362 2096 1452 2148 n’a
1481 2097 1628 2163 point
1658 2096 1874 2147 termine
1918 2113 1998 2146 ses
2025 2106 2127 2146 tra·

110 2183 297 2232 ἦσαν.
328 2208 397 2217 -
425 2180 693 2247 Avignon,
727 2181 791 2232 10
822 2199 963 2232 mars
997 2181 1147 2232 1334.

479 2311 585 2365 Reg.
618 2310 734 2365 Vol„
765 2319 798 2354 t.
830 2326 974 2365 cxvu,
1004 2312 1079 2354 fol.
1112 2326 1236 2354 cxcn
1267 2317 1333 2365 νῦ,
1363 2328 1405 2354 n.
1436 2313 1532 2355 965.

217 2429 351 2497 Regi
390 2430 629 2485 Francie.
669 2459 740 2469 -
779 2432 862 2482 Ex
907 2432 1038 2483 serie
1079 2432 1442 2498 quarumdam
1493 2431 1801 2483 litterarum
1858 2431 2125 2497 regiarum

33 2520 43 2538 ³
103 2544 113 2581 j
145 2512 299 2571 nobis
328 2524 765 2582 presentatarum
797 2514 896 2566 hiis
928 2515 1117 2566 diebus
1149 2514 1419 2582 preteritis
1437 2533 1530 2581 per
1546 2515 1804 2566 dilectum
1825 2515 1995 2565 filium
2017 2533 2129 2565 ma·

31 2590 35 2594 ’
104 2599 115 2658 ᾗ
146 2596 373 2664 gistrum
413 2597 716 2650 Guidonem
755 2599 1006 2661 Baudeti,
1046 2599 1313 2650 decanum
1328 2599 1544 2650 ecclesie
1573 2598 1847 2658 Parisien„
1879 2598 2128 2648 clericum

34 2733 38 2740 ,
143 2679 367 2749 regium,
399 2681 735 2748 percepimus
765 2682 1079 2734 excellentie
1096 2682 1259 2734 fuisse
1275 2682 1415 2748 regie
1434 2682 1752 2733 intimatum
1772 2683 1917 2748 quod
1944 2693 2128 2747 gentes

145 2775 327 2818 nostre
374 2765 583 2817 dilectis
636 2765 808 2817 filiis..
857 2765 1270 2832 inquisitoribus
1321 2766 1553 2816 heretice
1586 2765 1875 2831 pravitatis
1901 2765 2128 2816 Tholose

35 2860 42 2911 '.
115 2870 122 2923 j
146 2857 205 2900 et
238 2849 560 2901 Carcassone
595 2849 948 2902 inhibuerant
982 2867 1047 2900 ne
1083 2850 1149 2901 de
1185 2848 1407 2900 crimine
1444 2849 1640 2899 heresis
1690 2847 2013 2914 inquirendo
2072 2866 2127 2899 se

46 2940 49 2941 ’
112 2928 575 2984 intromitterent
620 2931 925 3023 specialiter
970 2942 1158 2984 contra
1204 2933 1321 2984 illos
1370 2932 1462 2999 qui
1511 2931 1710 2983 mortui
1757 2932 1973 2983 fuerant
2018 2949 2126 2982 non

123 3041 125 3043 ·
149 3010 375 3063 confessi
415 3013 481 3063 de
522 3012 742 3063 crimine
783 3013 1088 3075 antedicto;
1130 3012 1358 3079 ideoque
1400 3011 1809 3079 circumspectio
1845 3011 1988 3077 regia
2030 3030 2127 3062 nos

134 3095 376 3160 'rogabat
416 3105 479 3147 ut
520 3097 843 3148 mandatum
885 3097 1202 3147 deberemus
1244 3095 1555 3147 huiusmodi
1594 3113 1864 3159 revocare,
1896 3114 2019 3145 cum
2061 3096 2126 3145 de

114 3235 115 3239 Ἰ
150 3173 251 3229 hii·
278 3178 657 3230 consueverint
685 3178 818 3230 dicti
846 3179 1191 3246 inquisitores
1233 3179 1400 3230 etiam
1444 3190 1632 3230 contra
1679 3189 1921 3229 mortuos
1951 3177 2127 3244 inqui-

111 3256 269 3330 ἕωο
290 3274 321 3313 a
349 3270 507 3313 tanto
537 3272 782 3329 tempore
812 3263 877 3313 de
908 3281 1015 3329 quo
1046 3263 1303 3314 memoria
1334 3263 1388 3313 in
1418 3262 1751 3313 contrarium
1781 3279 1889 3312 non
1917 3260 2123 3312 existit.

47 3357 48 3361 ’
115 3357 126 3404 1,
151 3339 236 3395 Ad
271 3361 374 3411 que
410 3345 750 3411 providentie
785 3345 926 3412 regie
963 3346 1146 3397 taliter
1180 3346 1569 3413 respondemus
1608 3346 1752 3411 quod
1802 3360 1996 3395 verum
2045 3353 2127 3395 est

59 3492 61 3497 .
152 3425 296 3492 quod
323 3427 558 3480 clamosa
583 3426 879 3480 insinuatio
906 3429 975 3480 ad
1003 3439 1252 3480 nostrum
1279 3429 1621 3495 fratrumque
1659 3438 1968 3478 nostrorum
2009 3445 2125 3493 per·

49 3513 52 3520 '
114 3547 125 3580 4
152 3505 310 3560 duxit
341 3510 593 3562 auditum
628 3512 773 3578 quod
805 3509 1152 3578 inquisitores
1187 3513 1255 3563 ad
1291 3511 1674 3579 proferendum
1708 3510 2004 3561 sententias
2039 3528 2125 3559 su-

54 3582 64 3613 ²
107 3592 248 3656 sper
279 3590 424 3644 dicto
459 3591 679 3645 crimine
714 3604 902 3646 contra
938 3605 1198 3657 mortuos,
1235 3613 1343 3645 non
1378 3604 1592 3645 servata
1629 3593 1854 3656 iustitia,
1891 3593 1944 3642 in
1963 3611 2123 3657 grave

67 3677 70 3682 '
118 3732 122 3739 .
156 3669 411 3726 heredum
447 3675 688 3742 ipsorum
726 3677 1082 3743 preiudicium
1120 3688 1175 3728 et
1213 3677 1383 3728 totius
1421 3677 1661 3743 ipsorum
1701 3675 1904 3742 generis
1944 3693 2124 3741 proce·

71 3784 114 3827 ’ᾗ
156 3752 359 3807 debant
413 3768 468 3808 et
502 3760 787 3827 procedere
840 3760 1218 3812 intendebant.
1278 3760 1387 3811 Nos
1444 3760 1630 3826 itaque
1683 3778 1805 3809 cum
1865 3757 2123 3809 fratribus
