2540 4354
421 322 522 381 512
806 345 1097 378 ΒυιιΑιΒΕ
1140 347 1214 379 nn
1257 325 1673 389 L’mouisrrioN
1718 342 2042 390 FRANQMSE

421 482 881 536 communitatem
918 485 1012 535 sed
1052 483 1387 538 auctoritate
1426 495 1613 535 nostra
1653 494 1709 533 et
1747 494 2019 550 tanquam
2044 485 2426 535 locumtenens

418 567 614 619 iudicis
660 566 807 616 curie
852 567 1158 617 communis
1203 568 1410 619 faceret
1454 568 1543 620 illa
1592 586 1697 632 que
1725 568 2127 629 incumberent,
2161 567 2423 618 adiuncto

416 650 524 702 sibi
558 650 802 701 Antonio
838 650 1121 712 Abrivati3
1158 662 1212 700 et
1248 651 1375 716 quia
1411 668 1506 702 nos
1542 668 1757 701 eramus
1793 651 1849 701 in
1884 650 2111 701 civitate
2146 660 2425 716 presentes

418 734 475 786 in
506 734 762 785 omnibus
796 752 900 800 que
919 734 1138 784 noviter
1156 746 1499 800 emergerent
1517 735 1820 800 requireret
1841 734 2132 784 concilium
2151 745 2422 784 nostrum.

425 819 545 883 Ipse
586 835 716 868 vero
761 819 1127 883 Raymundus
1174 818 1402 868 Giraudi
1441 829 1647 869 extunc
1689 818 2017 869 continuans
2061 818 2245 883 peiora
2287 817 2429 882 prio-

417 902 568 952 ribus
602 902 769 953 nichil
802 902 1025 953 omnino
1060 904 1286 968 volebat
1319 903 1495 952 facere
1529 904 1597 952 ad
1633 903 1963 953 mandatum
1998 921 2180 951 meum
2213 911 2268 950 et
2292 903 2424 968 bay-

417 986 531 1047 livi,
570 996 631 1035 ut
666 986 801 1036 scire
837 987 1088 1052 poteritis
1125 986 1296 1038 etiam
1331 1005 1426 1052 per
1463 986 1718 1037 officiales
1756 997 1969 1037 vestros
2021 1004 2157 1051 quos
2208 985 2292 1034 hic
2330 987 2422 1035 ha-

419 1069 578 1121 betis.
613 1071 860 1121 Tandem
892 1070 1053 1120 hodie
1085 1070 1310 1121 veniens
1342 1072 1411 1120 ad
1443 1073 1671 1121 domum
1703 1090 1882 1120 meam
1913 1081 1999 1120 tot
2027 1081 2084 1119 et
2115 1068 2245 1119 talia
2285 1069 2427 1119 dixit

418 1164 475 1203 et
512 1153 586 1204 sic
623 1172 678 1204 se
715 1153 914 1204 habuit
950 1173 1135 1204 coram
1172 1154 1421 1221 plurimis
1461 1155 1620 1206 bonis
1658 1154 1788 1205 viris
1827 1165 1881 1205 et
1920 1153 2151 1206 notariis
2197 1152 2431 1219 publicis
2500 1149 2530 1216 ζΔ

422 1239 568 1305 quod
600 1237 853 1303 exigente
886 1237 1099 1288 iustitia
1131 1248 1249 1287 tam
1279 1256 1375 1304 pro
1408 1238 1683 1303 aliquibus
1716 1237 2027 1287 excessibus
2047 1236 2427 1286 ecclesiasticis

422 1341 590 1388 quam
621 1339 717 1387 pro
749 1321 1110 1386 tangentibus
1145 1323 1310 1373 fidem
1341 1340 1437 1387 ego
1470 1322 1742 1372 arrestavi
1771 1341 1896 1372 eum
1926 1331 1982 1370 et
2012 1331 2174 1370 teneo
2195 1331 2428 1372 arresta-

421 1418 569 1468 tum;
617 1417 672 1457 et
718 1417 938 1456 attenta
986 1406 1330 1456 confessione
1375 1425 1472 1456 sua
1518 1406 1573 1458 in
1618 1406 1834 1472 scriptis
1881 1406 2125 1466 redacta,
2176 1403 2297 1454 misi
2333 1424 2429 1471 pro

421 1491 748 1556 inquisitore
774 1489 811 1552 2,
859 1501 920 1540 ut
964 1490 1068 1541 sibi
1111 1490 1384 1541 iustitiam
1430 1491 1821 1541 ministremus
1862 1491 2018 1540 Unde
2063 1505 2190 1552 rogo
2227 1490 2431 1554 magni-

424 1575 707 1626 ficentiam
742 1585 798 1624 et
834 1574 1274 1625 dominationem
1311 1586 1557 1625 vestram
1595 1575 1855 1640 quatinus
1892 1574 2035 1624 sicut
2066 1572 2194 1622 estis
2226 1574 2432 1624 zelator
2492 1576 2494 1578 ’

427 1658 552 1708 fidei
585 1659 641 1708 in
671 1659 772 1708 hoc
804 1658 1025 1722 negotio
1051 1658 1325 1708 assistatis
1353 1659 1515 1708 michi
1548 1677 1641 1723 per
1682 1677 1778 1709 vos
1813 1668 1868 1707 et
1908 1668 2122 1708 vestros
2175 1657 2426 1709 subditos
2488 1659 2490 1662 ’

420 1743 638 1795 auxiliis
692 1753 748 1792 et
802 1743 1087 1794 favoribus
1142 1743 1448 1810 oportunis,
1517 1772 1586 1778 —
1636 1744 1936 1810 [Scriptum
1997 1740 2293 1803 Ebreduni,
2349 1741 2434 1792 die

423 1843 482 1878 lx
521 1826 849 1894 septembris
893 1826 952 1896 3.]

2527 1951 2529 1954 —
2523 1643 2537 1936 iahadan-*m*
2530 1625 2537 1634 ε

486 1962 526 2003 1.
561 1961 709 2002 Raoul
739 1962 794 2002 de
826 1961 1013 2014 Vienne,
1044 1962 1127 2002 sirc-
1160 1963 1215 2003 de
1246 1962 1454 2016 Louppy,
1487 1976 1767 2015 gouverneur
1798 1965 1860 2005 du
1892 1965 2132 2020 Dauphine
2163 1977 2277 2019 pour
2306 1962 2347 2003 le
2361 1959 2426 2003 roi

427 2032 606 2074 Charles
633 2032 686 2082 V,
716 2032 770 2072 de
797 2031 906 2072 1361
937 2032 964 2071 a
990 2031 1134 2072 1369:

486 2104 526 2142 2.
560 2101 668 2143 Voir
711 2100 751 2143 le
781 2102 1028 2144 document
1057 2101 1134 2156 qui
1164 2102 1268 2144 suit.

484 2174 524 2213 3.
559 2172 688 2214 Cette
717 2172 872 2213 cedule
902 2187 948 2213 se
977 2180 1138 2214 trouve
1168 2181 1294 2214 entre
1323 2188 1410 2214 une
1439 2175 1572 2216 lettre
1601 2176 1804 2217 adressee
1833 2191 1891 2218 au
1921 2189 2202 2230 gouverneur
2230 2175 2292 2216 du
2307 2173 2429 2214 Dau-
2481 2224 2518 2235 ,Ι

428 2242 565 2297 phine
608 2250 654 2283 et
682 2243 724 2284 la
754 2243 887 2283 lettre
916 2242 1053 2284 ecrite
1081 2244 1107 2283 a
1134 2243 1452 2297 l'inquisiteur,
1480 2246 1746 2287 documeuts
1775 2254 1878 2288 tous
1906 2248 2025 2288 deux
2053 2247 2180 2289 dates
2208 2245 2310 2286 du9
2337 2256 2436 2295 sep-

434 2313 608 2355 tembre
643 2311 803 2365 (1368).

1285 2689 1593 2747 „Iv—

494 2850 883 2916 L'inquisiteur
921 2861 993 2900 est
1032 2851 1195 2902 invite
1232 2870 1332 2917 par
1371 2851 1720 2917 l'archeveque
1758 2851 2060 2902 d‘Embrun
2098 2851 2130 2898 ιὶ
2167 2867 2219 2898 se
2259 2846 2438 2897 rendre
2478 2856 2486 2872 ²

423 2935 558 2985 dans
589 2935 642 2984 la
672 2934 790 2984 ville
821 2935 1286 3002 archiepiscopale,
1321 2954 1388 2985 ou
1418 2938 1450 2984 ὰ
1479 2954 1513 3001 y
1542 2935 1781 3000 deleguer
1814 2955 1885 2986 un
1917 2938 2275 3000 repre-sentam
2303 2947 2505 2996 pourq

423 3019 646 3084 prendre
670 3029 790 3084 part
815 3037 886 3068 au
909 3023 1090 3084 proces
1115 3019 1246 3070 d'un
1272 3019 1522 3070 individu
1546 3030 1754 3085 suspect
1778 3018 2045 3069 d’here'sie.
2074 3045 2143 3052 —
2171 3016 2437 3072 Embrun,

421 3104 454 3154 9
488 3104 798 3168 septembre
838 3102 991 3154 1368.

768 3235 945 3277 Armar.
973 3235 1102 3289 LIII,
1130 3243 1163 3278 t.
1193 3251 1260 3288 1x‚
1287 3252 1331 3292 p.
1361 3238 1460 3279 270.

424 3440 603 3490 vimus
639 3440 917 3504 quendam
949 3441 1238 3491 subditum
1271 3442 1562 3493 nostrum2
1595 3461 1758 3507 quem
1805 3442 2071 3491 habemus
2118 3442 2436 3500 suspectum
2460 3493 2493 3500 μ

425 3523 489 3572 de
531 3523 637 3573 fide
676 3541 744 3573 ex
779 3523 1276 3576 vehementissimis
1314 3525 1821 3592 presumptionibus
1859 3534 1916 3576 et
1954 3521 2193 3574 maxime
2229 3535 2298 3568 ex
2345 3532 2499 3593 3118,ιζ

425 3605 646 3671 propria
683 3606 1041 3669 confessione,
1077 3619 1134 3658 et
1170 3608 1296 3675 quia
1332 3609 1388 3659 in
1423 3609 1523 3659 hiis
1559 3610 1866 3674 indigemus
1903 3604 2198 3673 presentia,
2220 3595 2502 3677 consiliu}

425 3700 483 3740 et
514 3689 718 3739 auxilio
752 3689 967 3754 vestris,
999 3703 1056 3742 et
1087 3693 1202 3743 sine
1236 3694 1390 3744 vobis
1424 3695 1651 3745 ulterius
1686 3695 1977 3760 procedere
2012 3687 2299 3741 commode
2330 3670 2482 3769 non}

503 3354 821 3420 Inquisitori
846 3354 884 3406 ¹.
921 3356 1257 3411 Venerabilis
1301 3368 1459 3424 pater
1497 3369 1555 3408 et
1609 3357 1783 3408 amice
1838 3355 2132 3410 carissime.
2191 3351 2501 3561 Arreston}
