2540 4354
937 409 1088 447 sanz
1131 411 1254 447 xxn
1986 397 2084 452 163

202 524 349 577 dicta
378 536 436 577 et
464 527 700 594 quedam
729 527 834 579 alia
861 525 920 578 in
949 528 1023 578 eis
1053 538 1339 589 contenta3
1370 538 1425 577 ct
1456 528 1601 594 quod
1644 528 1787 578 idem
1830 529 2081 581 dominus

98 617 291 661 oster
319 627 462 676 papa
493 611 565 678 ab
595 610 686 661 illo
716 620 961 677 tempore
992 610 1127 662 citra
1160 629 1267 676 quo
1300 611 1472 662 dictas
1505 610 1920 663 constitutiones
1952 612 2081 663 fecit
2113 662 2121 671 ,

173 691 187 705 “
241 691 420 744 factus
444 692 735 756 hereticus,
765 703 822 743 et
852 693 997 760 quod
1028 711 1097 743 ex
1125 703 1257 743 tunc
1288 693 1545 759 quicquid
1576 694 1862 745 constituit
1896 687 1961 745 'et
2003 696 2080 746 in·

116 774 182 814 '=·'
210 775 294 827 uit
322 786 385 827 ut
412 793 556 843 papa
586 775 693 827 fuit
721 776 948 837 nullum,
981 776 1196 827 irritum
1226 787 1281 826 et
1311 777 1496 838 inane3
1517 776 1879 843 articulosque
1899 796 2083 829 omnes

102 879 108 894 ·-
161 858 240 911 's
284 869 570 910 contentos
615 859 671 910 in
717 878 814 911 sua
862 858 1194 910 confessione
1242 861 1384 911 facta
1435 878 1616 911 coram
1662 860 1820 911 dictis
1853 861 2083 912 dominis

156 942 164 948 ’
213 941 469 994 nn'alibus
502 960 638 1009 quos
668 942 814 994 idem
846 942 1098 993 dominus
1131 953 1315 993 noster
1348 962 1488 1008 papa
1522 942 1786 994 iudicavit
1818 944 1904 994 vel
1947 942 2083 995 iudi·
2127 953 2135 960 ‘

138 1057 144 1062 .
175 1025 258 1078 bit
291 1025 555 1077 hereticos
589 1043 720 1089 esse,
757 1036 813 1076 et
847 1044 1114 1088 erroneos,
1152 1027 1237 1076 vel
1276 1027 1581 1088 blasfemos,
1620 1037 1718 1077 aut
1753 1026 2084 1077 scismaticos

32 1104 54 1179 ’μ
109 1102 297 1162 snm
327 1109 492 1160 fidem
522 1110 741 1161 Domini
766 1110 939 1161 nostri
967 1110 1137 1160 Jeshu
1167 1110 1381 1172 Christi,
1412 1111 1496 1159 vel
1526 1121 1713 1160 contra
1743 1110 1890 1160 illam
1921 1130 2085 1176 quam

32 1196 34 1198 ’
102 1222 111 1245 ,;
152 1202 262 1244 ct
293 1203 350 1244 et
383 1193 543 1244 docet
578 1203 767 1245 sancta
802 1211 1027 1245 romana
1068 1194 1321 1254 Ecclesia,
1361 1212 1494 1258 quas
1533 1194 1738 1243 hereses
1757 1204 1810 1242 et
1828 1194 2082 1244 articulos

99 1286 115 1335 ’,
139 1276 180 1319 ³
184 1294 290 1344 quo
310 1287 572 1343 tempore,
595 1288 658 1328 ut
679 1277 984 1344 predictum
1005 1288 1104 1339 est,
1127 1277 1305 1327 tenuit
1342 1277 1689 1343 pertinaciter
1718 1287 1773 1327 et
1804 1278 2086 1342 dess'endit‚

38 1359 39 1362 ’
194 1360 510 1427 generaliter
539 1379 756 1412 omnem
786 1360 1015 1412 heresim
1044 1361 1399 1411 extollentem
1430 1379 1485 1410 se
1514 1361 1773 1411 adversus
1803 1359 2084 1411 scientiam

36 1439 40 1442 ’
114 1452 148 1485 Η
198 1443 211 1455 '
235 1454 292 1495 et
318 1444 482 1495 fidem
509 1443 730 1495 Domini
755 1444 927 1495 nostri
954 1444 1124 1494 Jeshu
1152 1444 1348 1494 Christi
1375 1454 1430 1493 et
1446 1454 1631 1494 sancte
1658 1462 1878 1493 romane
1908 1444 2085 1493 Eccle-

95 1518 213 1590 ’Ξ-ἰ,
263 1544 471 1578 necnon
503 1527 670 1578 etiam
703 1538 759 1577 et
792 1545 1007 1578 omnem
1042 1527 1303 1588 favorem,
1337 1526 1762 1592 receptationem
1795 1537 1850 1576 et
1883 1527 2081 1576 deffen-

107 1609 335 1673 χὀιιοω,
373 1628 436 1662 ac
475 1611 950 1678 participationem
990 1610 1368 1672 hereticorum,
1409 1612 1509 1660 sub
1549 1628 1685 1676 pena
1727 1628 1829 1675 que
1869 1610 1932 1658 de
1970 1607 2084 1659 iure

106 1701 137 1768 J
167 1694 342 1746 betur
376 1694 598 1761 relapsis
636 1694 691 1745 in
730 1694 957 1745 heresim
996 1694 1051 1744 in
1087 1693 1287 1744 iudicio
1327 1692 1653 1743 abiuratam.
1700 1693 1836 1742 Item
1881 1690 2085 1743 iuravit

50 1771 53 1773 ’
107 1830 111 1831 ⁷
148 1815 149 1819 ,
188 1793 278 1828 σεο
322 1777 569 1844 promisit
614 1795 709 1844 pro
754 1795 908 1844 posse
955 1795 1051 1828 suo
1098 1777 1345 1843 persequi
1392 1776 1651 1826 hereticos
1698 1774 2083 1841 cuiuscumque

3 1870 5 1881 “
56 1864 60 1910 J
96 1884 112 1926 ,ι
171 1869 255 1912 cte
277 1860 591 1928 dampnate,
617 1872 673 1912 et
697 1861 1001 1928 specialiter
1025 1872 1167 1912 secte
1192 1861 1404 1911 illorum
1432 1860 1524 1926 qui
1548 1870 1736 1910 tenent
1761 1859 1933 1910 dictos
1958 1860 2084 1909 arti·

202 1961 260 1996 os
291 1943 348 1996 in
381 1944 526 1996 dicta
561 1964 658 1996 sua
695 1945 1027 1995 confessione
1064 1955 1366 2006 contentos,
1404 1954 1458 1993 et
1494 1943 1788 2004 credentes,
1826 1942 2081 2003 fautores,

187 2037 493 2095 ptatores,
526 2038 581 2078 et
625 2028 930 2079 defensores
976 2046 1180 2091 eorum,
1212 2038 1267 2078 et
1298 2028 1464 2078 etiam
1494 2027 1610 2077 illos
1643 2044 1777 2092 quos
1808 2025 1966 2076 sciret
1999 2026 2084 2074 vel

85 2167 89 2170 ,
213 2121 350 2162 oret
390 2129 486 2178 pro
528 2111 674 2163 facto
718 2112 913 2163 heresis
957 2109 1215 2177 fugitivos
1258 2122 1313 2161 et
1359 2111 1656 2177 quemlibet
1702 2108 2086 2176 predictorum,

76 2219 82 2223 ·
166 2191 178 2198 ”
217 2212 307 2246 ue
342 2194 516 2247 facere
554 2196 671 2262 capi
710 2206 766 2245 et
801 2196 954 2246 reddi
991 2214 1087 2262 pro
1126 2213 1279 2262 posse
1318 2213 1413 2245 suo
1453 2195 1598 2244 dicto
1637 2194 1855 2243 domino
1894 2204 2077 2242 nostro

62 2271 83 2341 ’μ
132 2270 146 2283 ²
176 2293 269 2346 pe,
299 2277 386 2329 vel
415 2277 677 2345 episcopis
709 2289 764 2329 et
795 2279 1205 2345 inquisitoribus
1239 2278 1468 2328 heretice
1503 2277 1808 2343 pravitatis,
1843 2276 2085 2341 quando·

86 2349 149 2415 ”’;
183 2377 342 2428 mque
369 2372 425 2412 et
452 2362 781 2429 ubicumque
809 2363 1026 2414 sciverit
1055 2381 1168 2413 esse
1198 2362 1466 2428 predictos
1498 2362 1581 2411 vel
1610 2360 1845 2425 aliquem
1874 2377 2085 2408 eorum-

120 2443 153 2452 ’
201 2471 206 2485 ·
290 2443 427 2495 Item
454 2442 658 2496 iuravit
687 2456 855 2512 atque
885 2446 1132 2512 promisit
1163 2464 1217 2495 se
1248 2456 1427 2495 tenere
1459 2455 1511 2494 et
1543 2460 1756 2493 servare
1786 2461 1847 2492 ac
1878 2443 2054 2491 deffen
2073 2470 2089 2478 -

115 2515 147 2533 i
183 2551 186 2563 =
224 2552 231 2568 ·-
265 2525 425 2578 fidem
452 2528 775 2579 catholicam
802 2548 966 2595 quam
993 2539 1180 2579 sancta
1210 2538 1382 2578 mater
1411 2526 1644 2576 Ecclesia
1671 2535 1725 2574 et
1750 2524 1892 2574 idem
1918 2524 2086 2573 domi·

67 2617 75 2627 “
129 2615 161 2679 J
189 2644 192 2653 ι
246 2626 388 2677 papa
420 2611 664 2677 predicat
696 2622 750 2661 et
783 2613 1055 2662 observat.
1097 2612 1233 2661 Item
1263 2609 1468 2661 iuravit
1500 2620 1554 2658 et
1590 2607 1837 2673 promisit
1870 2607 2085 2656 obedire

71 2716 75 2719 ’
132 2702 162 2754 J
202 2707 388 2759 parere
423 2695 695 2746 mandatis
732 2694 969 2745 Ecclesie
1004 2706 1058 2744 et
1094 2694 1226 2744 dicti
1262 2692 1466 2743 domini
1502 2690 1671 2741 nostri
1707 2707 1863 2755 pape,
1883 2689 2084 2754 episco-

72 2840 77 2842 ‚
231 2793 308 2827 m
341 2786 398 2827 et
430 2776 830 2844 inquisitorum,
868 2789 923 2828 et
960 2778 1140 2828 venire
1177 2777 1243 2827 ad
1283 2776 1432 2826 diem·
1461 2785 1515 2824 et
1552 2774 1662 2823 dies
1713 2790 1892 2821 coram
1942 2771 2091 2836 ipsis,

72 2835 207 2909 ⁴l
254 2875 438 2911 eorum
490 2860 923 2912 locatenentibus
979 2862 1435 2927 quandocumque
1489 2868 1544 2907 et
1599 2855 2087 2921 quocienscumque

75 2941 78 2949 ’
121 2940 150 2949 ’
319 2952 409 2994 tus
437 2960 531 2994 seu
559 2944 852 3011 requisitus
884 2945 1045 2994 fuerit
1076 2945 1146 2994 ab
1176 2943 1250 2993 eis
1282 2960 1374 3008 per
1404 2940 1682 3000 nuncium,
1715 2938 1800 2987 vel
1830 2936 2087 2996 litteram,

75 3086 79 3087 μ
142 3082 154 3096 μ
251 3023 382 3077 alias
421 3036 476 3077 et
514 3044 816 3093 numquam
857 3028 1056 3093 fugere,
1099 3044 1195 3076 nec
1236 3044 1289 3076 se
1330 3024 1560 3075 scienter
1599 3032 1653 3071 et
1694 3018 2088 3070 contumaciter

80 3127 104 3154 τ
146 3114 177 3146 ‘³
230 3116 416 3171 utare,
439 3126 503 3160 ac
524 3110 792 3176 suscipere
815 3122 869 3161 et
893 3111 1158 3175 complere
1183 3127 1278 3175 pro
1305 3125 1458 3174 posse
1482 3124 1577 3155 suo
1603 3122 1797 3170 penam
1821 3120 1912 3151 seu
1938 3101 2087 3166 peni·

384 3209 549 3257 quam
586 3192 688 3243 sibi
726 3192 983 3243 duxerint
1020 3190 1425 3256 iniungendam.
1469 3189 1538 3237 Et
1578 3187 1646 3237 ad
1685 3186 1785 3235 hoc
1824 3183 2086 3247 obligavit

132 3270 162 3282 “
202 3267 397 3337 ipsum.
430 3273 548 3339 Qua
579 3273 920 3326 abiuratione
954 3292 1047 3341 per
1077 3292 1199 3325 eum
1232 3273 1376 3323 facta
1411 3270 1570 3337 petiit
1602 3267 1876 3318 humiliter
1907 3282 1960 3315 se
1993 3265 2084 3314 ab·

83 3411 86 3414 (
129 3349 165 3357 “
240 3352 253 3365 ⁰
290 3371 324 3407 a
362 3357 644 3408 sententiis
684 3356 1309 3409 excommunicationum
1353 3373 1485 3420 quas
1527 3353 1823 3402 incurrerat
1866 3356 2086 3413 propter

98 3456 138 3514 ’μ
178 3436 447 3489 stantiam
475 3449 531 3490 et
560 3440 945 3492 deffensionem
978 3440 1308 3506 pertinacem
1340 3436 1704 3503 predictarum
1737 3433 1999 3490 heresum,
2031 3438 2086 3478 et

95 3547 97 3550 <
166 3512 197 3556 ἶ
214 3517 410 3571 teriam
430 3521 662 3574 heretice
685 3522 992 3590 pravitatis.
1020 3522 1091 3572 Et
1112 3521 1314 3572 ibidem
1337 3519 1442 3570 fuit
1464 3536 1557 3583 per
1578 3516 1785 3566 dictum
1807 3511 2088 3562 dominum

101 3589 405 3675 ’Ὓοὴιιιιῃ
432 3602 499 3655 de
526 3605 813 3658 voluntate
839 3616 895 3656 et
925 3623 1164 3666 assensu,
1193 3622 1256 3654 ac
1282 3602 1337 3653 in
1366 3598 1634 3668 presentia
1662 3596 1889 3647 aliorum
1917 3593 2087 3643 domi-

99 3686 126 3746 ‘i
259 3699 313 3734 m
350 3685 701 3739 cardinalium
741 3688 1125 3755 predictorum,
1167 3685 1259 3752 qui
1295 3684 1468 3734 eidem
1506 3698 1665 3747 super
1717 3679 1816 3728 hoc
1869 3675 2087 3725 comise-

107 3743 246 3846 Ψμῇυῑ
268 3763 409 3818 vices
435 3786 576 3834 suas,
604 3788 634 3822 a
661 3770 819 3822 dictis
845 3769 1127 3821 sententiis
1153 3763 1777 3818 excommunicationum
1804 3758 2090 3809 absolutus

111 4119 133 4169 vd„
112 4070 126 4077 θ
122 4026 130 4046 ψ,
119 3999 130 4005 ι
118 3867 138 3930 ..a-

154 4104 163 4112 .
139 4018 142 4019 ,
