2540 4354
449 379 549 431 298
835 401 1126 433 BULLAIRE
1170 402 1244 433 nr:
1288 383 1704 444 L’1NQu1s1‘r10N
1748 402 2069 447 rutinense

1303 596 1599 656 -19—

521 755 752 805 Clement
805 757 882 806 VI
927 757 1098 808 donne
1143 759 1289 810 ordre
1333 763 1365 809 ἀ
1419 759 1721 811 Guillaume
1765 759 2122 824 cl’Aubussac,
2169 764 2350 827 e'veque
2393 761 2454 812 de

446 838 653 903 Frejas,
690 857 786 889 son
820 841 1074 904 tre'sorier,
1111 843 1171 892 de
1207 843 1479 894 continuer
1514 844 1558 894 le
1591 849 1770 911 proces
1804 845 1864 895 de
1938 844 2214 911 Raymond
2269 844 2447 907 Gilles,

445 923 572 972 clerc
615 923 675 973 de
721 924 1027 989 Narbonne‚
1076 926 1335 978 incarcere
1379 932 1412 978 ὰ
1456 929 1710 994 Avignon
1752 939 1797 979 et
1840 933 2022 980 accuse
2065 930 2125 979 de
2168 929 2450 994 sortileges,

444 1007 504 1056 de
538 1008 794 1073 malefices
839 1020 883 1059 et
913 1010 974 1060 de
1003 1011 1273 1078 pratiques
1303 1013 1692 1080 de‘moniaques.
1726 1041 1796 1050 —
1826 1014 2099 1079 Avignon,
2132 1014 2198 1064 23
2231 1015 2451 1064 octobre

440 1090 590 1142 1343.

803 1228 1012 1272 Instrum.
1042 1231 1216 1273 miscell.
1249 1230 1397 1285 (Arch.
1427 1231 1610 1286 Vatia),
1637 1248 1740 1274 ann.
1771 1234 1898 1286 1343,
1938 1234 1990 1273 23
2019 1233 2190 1280 octob.;
2218 1233 2323 1285 Reg.
2343 1232 2456 1285 Val„

769 1311 800 1344 t.
821 1314 1037 1354 cxxxvn,
1061 1301 1137 1343 fol.
1165 1303 1248 1343 129
1275 1309 1341 1355 v0,
1367 1318 1409 1344 n.
1437 1304 1542 1352 443;
1571 1304 1620 1344 E.
1640 1304 2000 1358 DepreZ,Lettres
2014 1304 2186 1344 secretos
2212 1308 2248 1343 et
2274 1302 2456 1343 curiales

733 1373 784 1413 de
814 1371 1005 1413 Clement
1039 1372 1179 1425 VI...,
1211 1372 1351 1426 Paris,
1383 1388 1426 1415 n.
1459 1374 1556 1416 481.

517 1494 828 1546 Venerabili
876 1494 1035 1545 fratri
1085 1494 1374 1546 Guillelmo
1401 1494 1438 1558 1,
1489 1495 1744 1563 episcopo
1797 1494 2172 1556 Foroiuliensi,
2234 1496 2451 1545 thesau-

442 1578 584 1628 rario
617 1590 822 1629 nostr0.
858 1607 927 1614 —-
958 1580 1130 1646 Super
1161 1598 1223 1630 eo
1257 1581 1403 1646 quod
1510 1610 1578 1616 —-
1611 1581 1819 1631 Datum
1839 1579 2115 1641 Avinioni,
2139 1598 2173 1628 x
2194 1579 2450 1630 kalendas

439 1663 770 1726 novembris,
805 1682 949 1715 anno
984 1666 1239 1715 secundo.

501 1813 540 1852 1.
572 1811 824 1853 Guillaume
852 1813 1152 1866 d’Aubussac,
1179 1815 1350 1868 eveque
1377 1815 1432 1856 de
1461 1815 1632 1868 Frejus,
1661 1829 1715 1856 en
1743 1815 1877 1863 13333
1907 1822 2027 1855 mort
2054 1827 2108 1856 en
2123 1814 2248 1854 1346.
2272 1813 2306 1853 ll
2333 1813 2458 1855 avait

443 1884 530 1935 etc,
561 1884 586 1923 ἐι
619 1882 794 1935 Rouen,
825 1883 989 1925 vicaire
1020 1885 1197 1936 general
1244 1886 1299 1926 de
1347 1885 1494 1927 Pierre
1540 1886 1686 1939 Roger
1736 1885 1955 1939 (Clement
2001 1885 2098 1938 VI).
2153 1885 2263 1926 Gall.
2295 1883 2455 1936 christ„

437 1961 471 1995 t.
497 1967 528 2005 1,
552 1953 632 1994 601.
657 1954 762 2002 435;
785 1953 997 2007 Albanus,
1027 1954 1136 1996 Gall.
1161 1955 1303 1997 christ.
1328 1955 1505 2008 noviss„
1528 1964 1561 1997 t.
1586 1970 1617 2009 1,
1641 1957 1721 1998 col.
1746 1957 1956 2005 364-366;
1995 1954 2152 2008 Eubel,
2191 1955 2332 2007 Hier„
2350 1962 2381 1996 t.
2418 1968 2448 2007 1,

436 2039 482 2079 p.
506 2025 602 2066 262.

1279 2447 1626 2507 -193—

518 2612 749 2661 Cle'menl
788 2611 866 2661 VI
898 2611 1126 2661 ordonne
1158 2614 1190 2660 ιὶ
1222 2611 1446 2677 l’eveque'
1473 2611 1533 2660 cle
1568 2610 1928 2675 Maguelonne
1959 2619 2004 2658 et
2034 2611 2066 2658 ἀ
2098 2605 2449 2674 l’inquisiteur

447 2695 658 2761 Aymon
691 2695 750 2745 de
784 2696 1047 2746 Caumont
1080 2695 1140 2745 de
1173 2695 1485 2761 poursuivre
1517 2695 1766 2760 l’enquete
1800 2692 2083 2761 entreprise
2116 2703 2285 2742 contre
2321 2694 2452 2741 mai-

446 2791 517 2830 tre
549 2781 688 2830 Jean
718 2781 922 2843 Sauret,
955 2781 1082 2830 clerc
1110 2780 1181 2830 du
1209 2779 1409 2830 diocese
1437 2779 1497 2829 de
1530 2779 1723 2829 Mende
1752 2789 1796 2828 et
1826 2777 2027 2828 notaire
2055 2777 2218 2843 royal,
2274 2777 2450 2826 aecuse'

445 2864 647 2914 d’cwoir
684 2865 827 2929 sadis
866 2875 990 2915 tenu
1027 2865 1115 2915 des
1154 2883 1347 2931 propos
1387 2864 1546 2914 d’une
1585 2862 1881 2914 orthodoxie
1919 2862 2179 2912 douteuse.
2223 2889 2291 2896 —
2327 2858 2448 2910 Avi·

444 2968 604 3014 gnon,
647 2949 707 2998 11
749 2950 885 3000 avril
926 2941 1076 3000 1344.

786 3084 891 3135 Reg.
923 3082 1078 3135 Auen„
1109 3090 1142 3124 t.
1176 3097 1336 3135 Lxxvx,
1368 3082 1444 3124 fol.
1476 3083 1558 3123 370
1592 3088 1642 3122 v0

518 3206 649 3256 Ven.
693 3205 850 3256 fratri
888 3215 1075 3255 nostro
1116 3204 1357 3255 Arnaldo
1382 3203 1419 3266 ¹,
1460 3203 1714 3270 episcopo
1756 3202 2118 3268 Magalonen.,
2160 3210 2215 3250 et
2253 3199 2444 3250 dilecto

449 3289 558 3339 filio
610 3289 848 3354 Aymoni
898 3291 963 3339 de
1015 3289 1375 3339 Calvomonte
1400 3287 1437 3350 2,
1491 3288 1693 3338 ordinis
1744 3287 1980 3337 fratrum
2031 3285 2451 3351 predicatorum,

445 3373 758 3439 inquisitori
800 3372 1035 3423 heretice
1079 3371 1373 3438 pravitatis
1418 3390 1512 3438 per
1555 3371 1751 3421 Sedem
1794 3369 2156 3437 apostolicam
2197 3368 2252 3418 in
2292 3381 2448 3432 regno

449 3457 672 3507 Francie
716 3459 1007 3524 deputato,
1052 3458 1383 3508 Carcassone
1426 3455 1706 3518 residenti,
1727 3455 1982 3516 salutem,
2026 3464 2129 3503 etc.
2174 3481 2244 3488 ——
2283 3446 2450 3502 Officii

446 3542 620 3592 nostri
665 3542 984 3592 debitum...
1037 3542 1176 3593 Sane
1224 3560 1291 3590 ex
1337 3552 1525 3590 tenore
1572 3539 1855 3606 petitionis
1903 3558 1999 3605 pro
2059 3548 2214 3604 parte
2272 3530 2448 3586 dilecti

449 3626 545 3675 filii
581 3626 826 3690 magistri
863 3626 1131 3675 Johannis
1170 3626 1402 3686 Saureti,
1442 3624 1618 3674 clerici
1654 3624 1936 3674 Mimaten.
1975 3621 2219 3683 diocesis,
2256 3614 2448 3669 notarii

448 3710 709 3760 carissimi
755 3711 810 3760 in
859 3711 1073 3760 Christo
1127 3711 1220 3760 filii
1266 3710 1439 3759 nostri
1490 3708 1727 3774 Philippi
1775 3707 2000 3758 Francie
2046 3705 2182 3771 regis
2214 3699 2450 3769 illustriS‚

446 3810 618 3858 nuper
662 3793 818 3844 nobis
865 3794 1047 3845 oblate
1096 3788 1435 3861 percepimus
1483 3793 1629 3859 quod
1676 3792 1820 3842 idem
1869 3791 2126 3858 magister
2173 3789 2448 3839 Johannes
