2540 4354
896 421 1071 454 Arrun
1084 424 1242 456 mens
1971 411 2072 465 513

38 606 42 608 ἡ
91 551 390 603 possemus,
427 550 683 599 rogamus
720 550 816 584 vos
851 546 910 585 et
944 538 1267 602 requirimus
1304 540 1573 592 instanter
1610 547 1754 609 quod
1783 546 1854 595 ad
1888 557 2070 612 partes

91 616 231 668 istas
267 634 366 668 vos
403 616 698 667 transferre
735 617 915 668 velitis
953 629 1009 669 et
1047 620 1141 670 ubi
1177 639 1361 673 secure
1397 642 1506 676 non
1545 627 1773 690 possetis
1791 628 1974 680 venire
2003 631 2071 682 de

90 699 335 768 presenti
374 700 570 752 saltem
612 699 775 751 alicui
818 703 957 751 bone
1000 719 1226 768 persone
1270 706 1413 757 vices
1469 719 1679 760 vestras
1737 713 1916 775 quoad
1974 712 2072 763 hec

79 782 471 843 committatis,
517 782 874 834 rescribentes
920 785 1075 835 nobis
1123 804 1216 851 per
1261 789 1595 852 presentium
1641 793 1964 857 portitorem
2009 809 2071 844 ea

89 883 197 934 que
234 883 396 931 super
435 865 706 931 premissis
746 858 1011 917 duxeritis
1052 869 1370 921 ordinanda.
1414 872 1771 939 Omnipotens
1812 893 1907 926 vos
1950 893 2072 927 con-

84 958 284 1000 servet.
317 975 386 984 —
414 946 690 1013 Scriptum
726 947 1019 1010 Ebreduni,
1054 969 1114 1000 1x
1143 954 1463 1016 septembris
1499 953 1694 1023 [1368].

44 1163 45 1166 ,
95 1154 98 1156 -
146 1129 188 1171 1.
239 1127 585 1170 Probabloment
618 1127 735 1169 Jean
772 1127 983 1181 Richard,
1004 1130 1096 1183 qui,
1129 1144 1182 1171 en
1224 1131 1350 1183 1363,
1371 1132 1442 1174 fut
1478 1135 1792 1188 specialement
1821 1138 1979 1191 charge
2012 1139 2075 1180 du

81 1198 256 1244 diocese
289 1197 553 1240 d’Embmn.
590 1196 697 1238 Voir
730 1211 773 1238 n.
810 1198 906 1239 233.

150 1269 192 1310 2.
227 1258 543 1310 Evidemment
563 1261 677 1308 celui
698 1267 811 1308 dont
832 1266 862 1307 il
884 1267 1016 1320 s'agit
1037 1269 1148 1310 dans
1171 1284 1255 1311 une
1279 1271 1408 1313 lettre
1430 1273 1704 1326 precedente.

969 1657 1215 1715 -V-

64 1883 66 1885 Ι
168 1818 540 1883 Πανοήενέᾳιιε
601 1816 899 1867 d'Embrun
960 1818 1314 1867 recommande
1373 1822 1405 1867 ἁ
1466 1820 1633 1869 divers
1694 1822 1988 1872 car-dinam:
2034 1824 2077 1872 le

94 1901 424 1968 [ranciacain
462 1900 719 1960 Francois
758 1900 952 1960 Borrel,
992 1918 1086 1949 son
1122 1900 1310 1961 socia-3,
1350 1913 1393 1950 et
1430 1903 1500 1950 les
1537 1902 1750 1966 affaires
1799 1905 1920 1954 dont
1971 1905 2010 1955 il
2045 1923 2078 1955 a

56 2018 58 2020 -
98 1984 320 2036 mirsion
351 1984 411 2034 de
443 1985 514 2034 les
546 1983 836 2044 entretenir‚
875 1994 1190 2032 notamment
1222 1985 1339 2033 celle
1371 1985 1456 2033 des
1502 1985 1851 2049 franciscains
1897 1988 2075 2038 d’Em-

105 2066 240 2119 brun
269 2067 519 2133 auxquels
550 2067 591 2116 il
618 2066 776 2130 s'agit
806 2066 865 2115 de
895 2066 1135 2115 concedet·
1166 2085 1236 2115 un
1269 2085 1502 2116 nouveau
1532 2081 1757 2131 convent,
1790 2074 1822 2119 ὰ
1852 2071 1904 2120 la
1932 2071 2077 2135 place

56 2200 75 2209 ,
101 2150 164 2222 «ζα
197 2150 425 2200 l'ancien
458 2151 547 2216 qui
584 2167 618 2199 a
651 2153 723 2199 e'td
757 2148 946 2199 detruit
982 2167 1080 2215 par
1114 2150 1184 2199 les
1222 2168 1343 2213 gens
1379 2150 1438 2199 de
1475 2169 1667 2214 guerre.
1707 2152 2077 2218 L’archmque

96 2232 211 2284 lone
255 2251 334 2283 ces
381 2232 637 2297 religieux
682 2250 816 2299 pour
862 2232 972 2281 leur
1018 2232 1116 2281 zele
1162 2243 1329 2281 contre
1388 2232 1633 2284 l’ke're'sie.
1697 2263 1764 2271 —
1812 2236 2073 2298 Embrun,

90 2315 185 2368 8·9
212 2316 496 2367 decembre
531 2314 681 2365 1368.

437 2447 611 2488 Armar.
644 2445 772 2497 LIII,
804 2453 835 2486 t.
868 2459 934 2497 ix,
964 2459 1007 2499 p.
1039 2445 1135 2486 275.

174 2564 419 2616 Dominis
491 2563 856 2616 cardinalibus
932 2562 1207 2614 Viterbien
1234 2563 1267 2623 ¹,
1342 2564 1663 2614 Lemovicen
1700 2564 1736 2624 ²,
1810 2565 1997 2616 Ostien
2036 2565 2071 2628 ³,

93 2646 387 2701 Beuifortis
413 2652 444 2698 ⁵.

170 2730 638 2782 Reverendissime
670 2740 824 2794 pater
854 2739 909 2778 et
940 2728 1174 2780 domine.
1210 2730 1376 2779 Credo
1411 2730 1799 2794 paternitatem
1831 2741 2071 2784 vestram

87 2846 93 2854 =
132 2814 372 2866 adivisse
411 2814 479 2864 dc
520 2830 708 2878 guerra
751 2812 1121 2862 crudelissima
1164 2830 1266 2876 que
1308 2829 1400 2876 per
1440 2823 1546 2862 tres
1581 2831 1786 2864 menses
1816 2815 1901 2864 vel
1932 2815 2069 2864 circa

107 2898 314 2949 ·uravit
349 2906 407 2947 et
443 2897 623 2949 adhuc
663 2896 810 2961 viget
848 2895 989 2945 inter
1031 2895 1390 2945 provinciales
1428 2906 1484 2944 et
1527 2896 1890 2960 Dalphinales‚
1930 2898 2071 2947 inter

132 2998 230 3032 uos
269 2980 372 3032 ista
417 2979 615 3030 civitas
652 2989 709 3029 et
748 2977 977 3029 diocesis
1017 2987 1101 3027 est
1142 2977 1386 3038 confinis,
1428 2988 1648 3043 propter
1689 2980 1833 3044 quod
1874 2978 2066 3029 habuit

91 3063 212 3115 ati
250 3062 567 3129 gravissima
611 3061 733 3111 hinc
771 3072 827 3111 et
867 3061 1017 3120 inde3
1059 3079 1185 3110 nam
1225 3069 1279 3108 et
1339 3061 1697 3111 provinciales
1752 3062 2070 3113 invaserunt

99 3337 112 3373 y-
175 3312 456 3377 parabilia
524 3311 822 3362 inferendo.
893 3308 1207 3374 Specialiter
1284 3318 1468 3358 autem
1549 3311 1865 3360 combustus
1945 3310 2068 3370 fuit,

109 3426 112 3432 ·
167 3394 388 3447 ·dolor!
435 3405 587 3446 totus
633 3395 781 3445 locus
831 3392 1062 3442 fratrum
1113 3391 1380 3441 minorum
1425 3402 1480 3440 et
1499 3392 1743 3442 totaliter
1773 3395 2067 3445 desolatus.

116 3487 283 3543 taque
312 3476 701 3529 deliberatione
733 3475 918 3526 habita
952 3492 1072 3523 cum
1104 3475 1240 3523 clero
1269 3485 1324 3523 et
1355 3475 1552 3538 populo
1584 3474 1840 3535 civitatis,
1900 3494 2068 3540 quum

108 3560 218 3615 [·'s=
255 3561 399 3612 idem
436 3562 583 3610 locus
621 3561 933 3610 destructus
974 3558 1149 3607 fuerat
1188 3566 1409 3620 propter
1447 3574 1661 3620 guerras
1705 3557 2067 3622 Dalphinatus

107 3638 110 3646 ’
170 3643 468 3709 periculose
496 3641 652 3692 nimis
678 3641 928 3692 imminet
955 3658 1116 3703 super
1144 3638 1443 3698 civitatem,
1475 3638 1649 3689 visum
1690 3650 1772 3690 est
1814 3640 2063 3691 omnibus

144 3728 235 3779 ·od
278 3743 563 3792 nunquam
607 3723 682 3774 ibi
725 3724 923 3774 debeat
966 3719 1322 3780 rehedificari,
1368 3739 1464 3771 nec
1509 3732 1651 3770 certe
1708 3732 1888 3786 posset
1950 3722 2062 3772 fieri

901 3843 1109 3870 autimas
1137 3853 1189 3860 —
1221 3833 1267 3868 33
