2540 4354
438 389 540 442 424
827 406 1114 440 nummus
1161 405 1234 437 DE
1280 385 1694 446 L’1NQu1s1T10N
1739 405 2061 449 rnAthusss

442 524 581 575 cisco
618 522 821 584 Borilli,
861 520 1065 572 ordinis
1102 520 1337 571 fratrum
1375 525 1649 572 minorum
1686 520 1996 587 professori,
2037 521 2090 572 in
2126 540 2279 573 sacra
2298 522 2446 572 theo-

439 608 579 673 logia
630 606 910 673 ma'gistro,
961 604 1017 656 in
1080 604 1375 666 Arelaten„
1429 604 1660 671 Aquen.,
1729 605 2075 658 Ebredunen.
2127 615 2182 655 et
2244 606 2444 658 Taran-

441 691 634 744 tasien.
682 690 1021 752 civitatibus,
1068 689 1372 740 diocesibus
1417 699 1474 739 et
1518 688 1811 755 provinciis
1856 689 2167 755 inquisitori
2211 689 2442 740 heretice

442 774 754 843 pravitatiS,
791 775 1045 836 salutem,
1081 784 1185 824 etc.
1223 802 1292 808 —
1326 774 1461 824 Cum
1499 791 1593 839 per
1627 772 1761 824 alias
1797 783 2014 824 nostras
2049 773 2262 826 litteras
2298 793 2446 825 man-

442 859 754 911 daverimus
793 859 938 924 quod
977 859 1043 908 de
1080 859 1220 909 male
1256 858 1455 909 ablatis
1491 868 1548 907 et
1582 857 1774 923 legatis
1812 857 2030 908 incertis
2068 858 2357 909 civitatum
2392 869 2447 909 et

443 944 720 994 diocesum
783 962 846 994 ac
909 942 1317 1009 provinciarum
1396 941 1693 1003 Arelaten.,
1771 941 2003 1008 Aquen.,
2084 942 2447 1005 Ebredunen.‚

445 1028 706 1078 Viennen.
745 1027 818 1092 (a)
852 1037 907 1076 et
940 1026 1318 1077 Tarantasien.
1355 1045 1569 1076 summa
1605 1036 1846 1092 quatuor
1881 1025 2091 1077 milium
2125 1027 2450 1078 florenorum

446 1111 563 1162 auri
603 1113 669 1162 de
711 1111 984 1162 Florentia
1025 1111 1386 1177 expendenda
1426 1112 1590 1161 semel
1631 1129 1726 1176 pro
1766 1111 2088 1163 edificandis
2130 1110 2449 1172 carceribus,

446 1196 500 1247 in
532 1196 731 1262 quibus
764 1195 1012 1246 nonnulli
1044 1194 1233 1246 infecti
1264 1196 1385 1246 labe
1418 1195 1713 1261 pravitatis
1744 1194 1980 1244 heretice
2011 1195 2184 1245 teneri
2214 1196 2448 1246 debeant

447 1279 765 1346 mancipati,
793 1291 850 1330 et
879 1279 1181 1345 octingenti
1208 1279 1397 1330 floreni
1423 1279 1541 1330 auri
1569 1279 1860 1330 annuatim
1889 1297 2060 1344 usque
2102 1280 2170 1330 ad
2213 1279 2449 1346 quinque

443 1382 615 1415 annos
660 1364 906 1430 proxime
952 1364 1167 1414 futuros
1216 1382 1312 1430 pro
1358 1363 1633 1414 alimentis
1679 1363 2134 1413 includendorum
2179 1363 2233 1414 in
2279 1381 2450 1414 carce-

443 1449 594 1500 ribus
633 1448 935 1515 prelibatis,
977 1459 1032 1499 et
1072 1467 1168 1515 pro
1210 1448 1370 1498 certis
1410 1447 1528 1499 aliis
1569 1448 1821 1514 expensis
1861 1448 2125 1499 faciendis
2180 1448 2234 1498 in
2278 1448 2452 1498 huius·

448 1533 594 1583 modi
635 1532 866 1598 negotiis
929 1532 1070 1598 fidei,
1114 1532 1268 1582 vobis
1322 1533 1562 1582 debeant
1615 1533 1896 1596 assignari,
1951 1542 2115 1598 prout
2156 1531 2211 1582 in
2249 1532 2452 1583 eisdem

445 1617 642 1669 litteris
673 1617 885 1684 plenius
918 1618 1250 1680 continetur,
1284 1617 1599 1668 discretioni
1628 1627 1808 1667 vestre
1852 1635 1947 1683 per
1989 1616 2288 1682 apostolica
2332 1616 2453 1667 scri-

450 1714 545 1770 pta
576 1704 903 1754 mandamus
933 1701 1195 1769 quatinus
1223 1701 1541 1752 huiusmodi
1558 1701 1836 1767 pecunias,
1857 1719 1982 1751 cum
2009 1719 2099 1752 eas
2127 1699 2452 1766 receperitis,

445 1789 500 1839 in
534 1789 654 1839 loco
688 1787 968 1839 communi
1001 1798 1058 1837 et
1105 1797 1230 1836 tuto
1280 1785 1495 1838 faciatis
1542 1785 1758 1852 reponi3
1793 1795 1985 1851 tuque,
2025 1785 2102 1835 fili
2148 1784 2454 1851 inquisitor,
2495 1852 2497 1855 .

448 1885 558 1924 tres
596 1883 780 1940 partes
818 1873 1063 1939 ipsarum
1099 1871 1458 1938 pecuniarum
1496 1888 1594 1936 pro
1630 1869 1925 1936 premissis,
1965 1887 2089 1920 cum
2125 1879 2455 1935 oportunum

451 1958 635 2019 fuerit,
674 1975 771 2024 per
805 1968 860 2008 te
897 1958 984 2008 vel
1019 1957 1190 2008 alium
1227 1974 1321 2005 seu
1358 1955 1491 2007 alios
1533 1955 1717 2004 fideles
1754 1964 1811 2004 et
1847 1953 2105 2020 providos
2142 1954 2367 2020 recipias
2401 1963 2456 2003 et

449 2044 757 2108 expendas3
807 2052 1064 2108 quartam
1114 2059 1242 2091 vero
1289 2051 1504 2107 partem
1552 2040 1827 2090 dictarum
1855 2038 2216 2105 pecuniarum
2262 2037 2456 2089 dilecto

453 2127 560 2177 filio
597 2128 903 2178 Bertrando
941 2128 1006 2178 de
1045 2127 1250 2178 Sancto
1289 2124 1597 2188 Guillelmo,
1633 2125 1880 2174 eiusdem
1916 2122 2120 2174 ordinis
2153 2121 2455 2190 professori,

451 2223 508 2261 et
543 2213 598 2262 in
634 2213 781 2263 dicta
819 2212 1093 2278 theologia
1132 2211 1412 2276 magistro,
1450 2228 1512 2260 ac
1546 2209 1602 2259 in
1639 2208 1798 2259 dictis
1851 2208 2189 2270 civitatibus,
2239 2207 2456 2258 diocesi-

455 2298 553 2346 bus
606 2307 662 2346 et
712 2297 1008 2363 provinciis
1060 2294 1372 2361 inquisitori
1422 2292 1717 2360 pravitatis
1767 2293 2032 2355 eiusdem,
2086 2310 2180 2358 per
2230 2310 2326 2342 vos
2375 2291 2459 2341 vel

452 2381 688 2431 alterum
731 2392 977 2431 vestrum
1022 2399 1118 2447 pro
1163 2379 1422 2446 predictis
1467 2377 1774 2429 carceribus
1818 2387 1873 2427 et
1914 2377 2166 2442 expensis
2210 2377 2456 2426 volumus

453 2465 734 2530 assignari,
772 2467 865 2532 qui
897 2477 954 2516 et
987 2476 1049 2515 tu
1086 2459 1370 2514 Francisce
1406 2463 1472 2512 de
1506 2461 1635 2528 ipsis
1683 2461 1983 2512 teneamini
2031 2462 2252 2511 reddere
2301 2460 2459 2511 ratio·

451 2568 574 2600 nem
602 2550 849 2602 debitam
876 2551 950 2601 illi
978 2551 1065 2600 vel
1090 2549 1191 2600 illis
1220 2567 1382 2614 quem
1410 2548 1494 2597 vel
1523 2564 1657 2612 quos
1684 2546 1753 2596 ad
1779 2545 1833 2595 id
1861 2545 2177 2596 duxerimus
2197 2546 2458 2610 deputan-

451 2636 565 2685 dos.
605 2663 672 2670 —-
710 2636 916 2686 Datum
953 2636 1102 2701 apud
1142 2633 1567 2694 Villamnovam,
1607 2630 1934 2680 Avinionen.
1974 2629 2221 2691 diocesis,
2261 2648 2333 2679 xv
2370 2629 2462 2679 ka·

450 2720 637 2770 lendas
667 2720 798 2782 iulii,
829 2738 971 2772 anno
1004 2719 1214 2786 quinto.

511 2947 569 3000 (a)
606 2947 833 3002 Wadding
867 2963 877 2989 z
915 2947 1091 2991 omittit
1128 2948 1341 2990 Viennen.

513 3085 551 3125 1.
588 3085 754 3138 Faydit
784 3085 1136 3139 d'Aigrefeuille;
1173 3085 1268 3128 voir
1300 3102 1342 3128 n.
1377 3089 1475 3139 296,
1509 3093 1617 3127 note
1648 3086 1680 3125 1.

513 3158 552 3197 2.
587 3156 694 3197 Voir
723 3171 764 3196 n.
798 3158 898 3208 286,
928 3164 1035 3198 note
1063 3157 1103 3197 1.

523 3232 562 3269 3.
596 3229 817 3269 Bertrand
840 3229 895 3269 de
912 3227 1272 3280 Saint-Guillem,
1291 3230 1347 3270 de
1371 3228 1668 3283 Montpellier,
1693 3229 1765 3270 fut
1787 3241 1946 3282 promu
1970 3241 2027 3267 au
2051 3225 2186 3279 grado
2208 3225 2263 3265 de
2283 3225 2465 3265 docteur

459 3315 512 3340 en
541 3297 775 3351 theologie,
799 3313 874 3339 sur
897 3298 1059 3339 l’ordre
1083 3298 1305 3340 d'Urbain
1324 3299 1361 3339 V
1383 3299 1452 3351 (28
1478 3314 1595 3340 mars
1620 3298 1767 3351 1364),
1786 3313 1867 3352 par
1892 3294 2102 3348 Francois
2120 3295 2175 3336 de
2193 3290 2462 3336 Cardailhae‚

457 3372 570 3412 frere
591 3369 777 3410 mineur.
803 3367 990 3421 Denisse,
1012 3369 1176 3422 Char-t„
1200 3377 1231 3411 t.
1256 3383 1325 3421 111,
1347 3385 1390 3424 p.
1415 3370 1484 3421 61,
1508 3385 1549 3410 n.
1572 3370 1701 3420 1243,
1723 3376 1830 3411 note
1850 3369 1890 3411 1.
