2540 4354
400 372 501 428 36,
787 388 1075 422 BULLAmE
1118 388 1192 420 DE
1235 367 1650 429 L’INQUISlTloN
1695 384 2021 428 FRANcAlsE

401 514 632 575 tatibus,
667 530 879 562 necnon
912 521 967 560 et
999 505 1427 571 in'civitatibus,
1475 507 1630 558 terris
1665 517 1719 556 et
1765 506 1894 557 locis
1941 506 2080 558 infra
2131 508 2414 561 Arelatcnss

402 617 532 661 sem,
576 598 904 663 Aquensem,
950 595 1396 645 Ebredunensem
1437 603 1491 642 et
1532 592 1895 643 Viennensem
1936 591 2244 656 provincias
2287 613 2412 644 con-

402 682 725 733 sistentibus
778 678 1112 730 auctoritate
1165 677 1466 744 apostolica
1519 677 1807 741 deputato,
1861 705 1930 711 ——
1994 676 2165 743 Super
2231 679 2410 730 omnia

402 765 851 817 desiderabilia...
891 793 959 799 —-
979 763 1165 828 Nuper
1200 761 1471 827 siquidem
1503 778 1613 810 non
1647 761 1854 824 absque
1877 760 2050 810 multa
2072 761 2268 811 mentis
2296 773 2409 812 tur-

401 851 623 902 batione
661 859 917 915 percepto
957 847 1102 912 quod
1140 845 1388 895 nonnulli
1426 845 1629 910 pseudo
1669 843 1941 893 minorum
1979 844 2180 895 ordinis
2217 846 2411 898 fratres

401 936 514 986 solo
561 933 779 984 nomine
827 932 1155 998 professores
1203 930 1272 980 ad
1319 948 1440 979 eam
1489 927 1686 978 mentis
1732 927 1976 994 inopiam
2022 939 2078 978 et
2124 929 2410 982 cecitatem

401 1020 742 1069 devenerant
776 1016 922 1082 quod
955 1013 1194 1064 heretica
1241 1014 1361 1063 labe
1408 1012 1639 1078 respersi
1684 1013 1946 1062 adversus
1992 1014 2409 1066 saluberrimam

401 1102 695 1153 christiane
727 1100 854 1151 fidei
882 1098 1177 1149 veritatem
1207 1097 1371 1162 impie
1403 1096 1717 1147 sentiebant
1746 1107 1801 1146 et
1831 1096 1962 1147 alios
1988 1097 2168 1148 verbis
2189 1100 2409 1150 menda-

401 1187 551 1237 cibus
592 1187 692 1236 sub
735 1184 965 1235 mentite
1004 1182 1148 1248 palio
1190 1181 1503 1232 sanctitatis
1543 1181 1599 1231 in
1639 1199 1883 1231 errorum
1924 1201 2147 1232 suorum
2188 1183 2410 1234 devium

399 1272 613 1321 trahere
647 1270 901 1336 ipsosque
936 1285 1139 1333 errores
1175 1267 1464 1316 defendere
1500 1285 1597 1332 pro
1645 1265 1852 1316 viribus
1903 1268 2275 1330 conabantur,
2313 1287 2410 1319 nos

400 1355 493 1420 qui
521 1352 864 1404 solicitudine
894 1350 1045 1415 vigili
1074 1361 1263 1401 contra
1293 1350 1492 1400 talium
1523 1350 1769 1400 dolosam
1787 1349 2055 1400 astutiam
2075 1361 2410 1417 oportunum

397 1439 699 1489 remedium
744 1437 977 1488 libenter
1022 1435 1253 1485 ubilibet
1298 1434 1642 1497 adhibemus,
1689 1453 1755 1484 ne
1800 1434 1949 1485 virus
1995 1436 2313 1502 hujusmodi
2356 1437 2411 1488 in

398 1524 589 1573 eodem
635 1522 820 1573 ordine
866 1522 966 1572 sub
1011 1519 1187 1587 specie
1232 1518 1546 1570 sanctitatis
1583 1517 1901 1584 hujusmodi
1920 1518 2278 1583 subintraret,
2310 1521 2413 1573 tibi

399 1609 687 1658 mandasse
707 1606 995 1656 recolimus
1018 1605 1236 1655 oraculo
1259 1604 1383 1654 vive
1406 1603 1573 1665 vocis,
1596 1613 1659 1652 ut
1680 1604 1942 1654 adversus
1963 1604 2183 1654 eosdem
2204 1607 2410 1671 pseudo

399 1693 594 1742 fratres
632 1691 948 1758 procederes
986 1690 1146 1755 juxta
1187 1688 1476 1739 canonicas
1513 1687 1836 1738 xanctiones
1874 1699 1930 1737 et
1967 1688 2031 1737 de
2069 1687 2170 1738 illis
2208 1690 2410 1741 faceres

395 1777 607 1842 justitie
639 1776 1121 1842 complementum.
1155 1776 1357 1824 Verum
1385 1772 1749 1829 intendentes,
1766 1783 1828 1822 ut
1857 1791 1918 1822 eo
1938 1772 2113 1823 tutius
2134 1774 2202 1823 ad
2222 1775 2410 1841 hujus-

398 1861 546 1911 modi
579 1859 746 1927 pestis
782 1858 1157 1909 omnimodam
1191 1856 1711 1907 exterminationem
1745 1857 2007 1922 procedas
2044 1876 2150 1923 quo
2186 1876 2280 1924 per
2313 1877 2409 1910 nos

397 1944 613 1997 certiori
649 1943 814 1995 fueris
853 1942 1187 1993 auctoritate
1227 1941 1493 2003 munitus,
1533 1940 1849 1991 discretioni
1884 1952 1979 1991 tue
2018 1941 2083 1991 de
2123 1961 2229 2007 qua
2272 1943 2408 1993 fidu-

395 2029 534 2081 ciam
574 2029 885 2079 obtinemus
923 2027 978 2077 in
1021 2027 1255 2077 Domino
1295 2026 1585 2092 specialem
1605 2044 1699 2092 per
1717 2025 2018 2092 apostolica
2039 2025 2241 2092 scripta
2263 2046 2406 2079 com·

396 2114 671 2164 mictimus
724 2123 780 2163 et
847 2113 1174 2162 mandamus
1243 2110 1503 2177 quatinus
1572 2121 1761 2160 contra
1830 2110 2026 2161 fratres
2094 2112 2406 2162 Johannem

393 2197 639 2259 Barravi,
700 2197 1050 2248 Guillelmum
1109 2194 1355 2257 Santoni,
1418 2195 1732 2245 Deodatum
1791 2194 2086 2258 Michaelis,
2148 2196 2406 2247 Pontium

396 2285 602 2345 Rocha,
643 2281 987 2332 'Bernardum
1029 2281 1194 2346 Aspa,
1237 2278 1627 2344 Berengarium
1669 2278 1910 2341 Tortelli,
1957 2281 2182 2330 Petrum
2226 2280 2405 2344 Fabri,

393 2367 744 2418 Vincentium
782 2365 1034 2427 Geraudi,
1070 2364 1413 2414 Bernardum
1450 2363 1744 2426 Antiniaci,
1784 2363 2127 2414 Guiraudum
2165 2365 2404 2428 Martini,

390 2452 734 2501 Bernardum
756 2448 1047 2510 Francisci,
1071 2447 1423 2499 Guillelmum
1444 2447 1708 2510 Arnaudi,
1731 2444 2004 2498 Jacobum
2040 2448 2275 2513 Seguini,
2312 2451 2402 2500 Jo-

390 2525 630 2586 hannem
653 2534 878 2597 Raserii,
918 2534 1316 2599 Raymundum
1348 2532 1575 2582 Bordini
1608 2535 1704 2598 (a),
1728 2532 2040 2582 Arnardum
2063 2533 2400 2599 Raymundi,

391 2619 742 2670 Franciscum
777 2617 1004 2670 Sadictii
1039 2617 1510 2685 (b),Guillelmum
1529 2617 1596 2668 de
1616 2618 1819 2669 Sancto
1862 2617 2143 2681 Amantio,
2190 2617 2404 2668 Franci-

387 2723 540 2754 scum
571 2707 634 2756 de
664 2703 923 2766 BadoniS,
956 2701 1290 2753 Serviatium
1322 2705 1408 2769 (c),
1432 2701 1749 2767 Philippum
1781 2701 2028 2764 Ferrarii,
2074 2702 2399 2753 Arnaudum

390 2788 642 2850 Maurini,
664 2790 937 2839 Jacobum
957 2788 1021 2836 de
1045 2786 1204 2848 Rivo,
1228 2786 1553 2836 Arnaudum
1573 2787 1637 2835 dc
1661 2785 1919 2850 Felginio,
1944 2785 2294 2836 Guillelmum
2316 2786 2401 2837 Gi-

387 2872 546 2922 raudi
565 2883 622 2922 et
641 2874 985 2923 Bernardum
1004 2872 1202 2921 Boneti
1222 2871 1429 2937 pseudo
1450 2870 1583 2920 dicti
1604 2870 1806 2920 ordinis
1827 2871 2177 2936 professores,
2213 2871 2403 2921 eadem

384 2958 505 3007 labe
534 2975 830 3022 respersos,
862 2975 1096 3022 quorum
1124 2955 1294 3021 aliqui
1321 2974 1351 3005 a
1382 2954 1714 3020 quibusdam
1744 2954 2020 3005 mandatis
2070 2955 2403 3006 auctoritate

385 3052 574 3093 nostra
603 3042 762 3092 factis
792 3041 1016 3102 eisdem,
1049 3051 1223 3090 certas
1253 3039 1649 3106 appellationes
1679 3050 1734 3088 et
1763 3038 2195 3105 protestationes
2238 3039 2402 3089 inter-

386 3126 627 3192 posuisse
665 3136 985 3187 noscuntur,
1021 3135 1076 3174 et
1110 3142 1296 3174 omnes
1330 3135 1386 3173 et
1418 3124 1656 3189 singulos
1689 3123 1819 3190 ipsis
1854 3124 2179 3175 adherentes
2199 3123 2273 3174 sic
2292 3125 2399 3175 effi-

387 3210 587 3261 caciter
620 3221 676 3260 et
708 3211 934 3261 solerter
965 3210 1128 3275 juxta
1164 3219 1377 3259 statuta
1415 3208 1676 3260 canonica
1697 3208 1986 3274 procedere
2007 3209 2229 3259 studeas
2251 3209 2397 3274 quod

387 3313 481 3360 per
512 3305 604 3344 tue
634 3294 994 3345 solicitudinis
1024 3293 1478 3359 circumspectam
1499 3291 1853 3359 prudentiam
1872 3291 2006 3342 dicti
2026 3292 2227 3342 ordinis
2247 3310 2396 3344 sacra

386 3378 677 3443 plantatio,
713 3377 1093 3430 exterminatis
1127 3377 1447 3443 vulpeculis,
1485 3395 1588 3442 que
1621 3376 1775 3427 illum
1809 3375 2093 3427 venenosis
2130 3376 2396 3427 morsibus

384 3463 630 3512 demoliri
682 3473 1023 3529 presumunt,
1078 3462 1288 3511 fructus
1341 3462 1538 3512 afferat
1604 3460 1868 3511 catholice
1937 3460 2212 3526 puritatis.
2285 3462 2394 3511 Nos

433 3653 488 3709 (a)
527 3655 668 3695 Eubel
699 3670 708 3695 :
740 3655 924 3696 Borditi.

435 3723 489 3774 (b)
530 3723 669 3763 Eubel
695 3739 705 3764 ε
733 3725 916 3766 Sanctii.

434 3793 483 3849 (c)
522 3793 661 3834 Eubel
694 3809 704 3835 :
737 3795 1011 3839 Serinanum.
