2540 4354
894 412 1158 463 eminant
1198 431 1254 464 νι
1961 411 2064 464 315

82 535 356 609 ‘solutione
390 562 454 596 ac
490 542 824 611 prestatione
863 542 1139 594 talliarum
1176 554 1231 594 et
1271 544 1634 610 quorumdam
1665 543 1896 596 aliorum
1940 562 2063 595 one-

115 646 207 690 {m
229 626 425 679 liberos
468 635 524 677 et
546 625 831 689 immunes,
861 625 1039 677 tallias
1080 626 1390 678 huiusmodi
1427 628 1500 679 eis
1538 628 1819 694 impositas
1857 629 2062 679 solvere

84 709 247 778 setis
290 710 601 761 consulibus
646 719 991 771 recusarunt3
1039 710 1292 775 quodque
1340 711 1482 760 idem
1528 710 1815 776 inquisitor
1875 721 2062 764 contra

173 802 260 846 tos
306 793 570 858 consules,
619 810 715 859 pro
762 809 826 843 eo
876 791 1021 858 quod
1071 792 1390 858 magistrum
1438 794 1792 856 Bernardum,
1844 794 2063 845 Guillel-

269 875 502 938 'Nadini,
559 875 914 926 Guillermum
959 874 1134 925 Boerii
1156 886 1211 926 et
1243 875 1541 926 Arnaldum
1578 894 1638 926 ac
1673 877 1981 927 Johannem
2012 886 2066 927 et

145 957 221 1011 'os
237 958 511 1026 predictos
528 959 597 1010 ad
616 958 940 1010 solvendum
970 958 1280 1009 huiusmodi
1299 959 1475 1010 tallias
1495 960 1895 1027 compellentes,
1918 969 2063 1011 certa

79 1036 311 1107 ³;·'1·ora
355 1051 671 1109 receperant
717 1059 809 1092 seu
855 1041 1019 1107 recipi
1065 1041 1305 1092 fecerant
1364 1043 1433 1093 ab
1493 1042 1711 1104 eisdem,
1780 1044 2066 1094 nonnullos

171 1142 368 1177 cessus
403 1124 980 1176 excommunicationis
1017 1134 1071 1175 et
1107 1124 1384 1175 interdicti
1433 1144 1495 1175 ac
1513 1125 1644 1176 alias
1681 1143 1845 1193 penas
1859 1135 1916 1176 et
1950 1143 2067 1176 sen-

84 1195 291 1261 {satin
327 1207 664 1259 continentes
702 1207 830 1259 iecit
847 1218 901 1257 et
920 1207 1130 1270 habuit,
1168 1226 1198 1259 a
1237 1208 1431 1274 quibus
1470 1227 1564 1275 pro
1603 1219 1755 1275 parte
1793 1208 2061 1259 dictorum

88 1291 372 1344 nsulum
423 1291 529 1343 fuit
577 1291 646 1343 ad
698 1290 890 1342 Sedem
940 1291 1296 1357 apostolicam
1347 1292 1710 1357 appellatum3
1756 1309 1919 1357 quare
1972 1309 2065 1357 pro

165 1384 248 1426 rte
301 1366 583 1426 consulum
635 1375 950 1425 eorumdem
1004 1374 1110 1424 fuit
1163 1374 1317 1425 nobis
1372 1374 1647 1425 humiliter
1700 1374 2067 1440 supplicatum

193 1456 475 1526 providere
510 1456 640 1525 ipsis
677 1475 838 1524 super
876 1458 977 1508 hoc
1014 1458 1081 1508 de
1123 1468 1391 1523 oportuno
1428 1457 1664 1508 remedio
1703 1459 2065 1523 dignaremur.

95 1578 104 1586 ,-
149 1558 208 1597 οι
252 1539 483 1608 igitur...
534 1540 811 1608 cupientes
861 1542 1006 1608 quod
1057 1541 1366 1591 huiusmodi
1414 1540 1553 1592 inter
1601 1542 1774 1592 dictos
1824 1543 2066 1593 consules

193 1623 333 1676 cives
375 1625 600 1676 suborta
644 1624 904 1676 dissensio
947 1625 1176 1676 sublatis
1220 1625 1515 1690 litigiorum
1560 1625 1893 1676 anfractibus
1938 1626 2067 1676 ami·

118 1702 341 1779 {biliter
388 1707 727 1770 terminetur,
778 1707 1090 1759 discretioni
1140 1719 1383 1758 vestre...
1440 1709 1760 1759 mandamus
1812 1710 2068 1774 quatinus

140 1819 153 1859 2
237 1792 323 1843 vel
349 1792 487 1844 alter
514 1802 776 1855 vestrum,
804 1792 849 1844 si
876 1792 952 1844 ita
982 1803 1082 1855 est,
1112 1792 1422 1844 huiusmodi
1451 1793 1673 1859 pignora
1701 1794 1857 1843 dictis
1878 1795 2070 1859 magis·

117 1928 125 1943 Ι,
165 1901 170 1917 ι
223 1874 515 1938 Bernardo,
564 1876 855 1928 Guillermo
906 1876 1121 1938 Nadini,
1172 1876 1464 1927 Guillermo
1494 1876 1685 1941 Boerii,
1734 1877 1970 1928 Arnaldo
2015 1890 2070 1928 et

122 1950 352 2022 ohanni,
411 1978 476 2012 ac
533 1959 650 2011 aliis
711 1960 1144 2027 quibuscumque
1205 1961 1535 2022 consiliariis,
1597 1960 1953 2012 servientibus
2014 1972 2068 2011 et

146 2040 355 2115 7⁸·‘tris
390 2042 725 2110 inquisitoris
762 2043 1004 2095 eiusdem
1042 2043 1321 2095 occasione
1372 2043 1682 2095 huiusmodi
1723 2055 1946 2111 accepta
1977 2064 2070 2096 au-

102 2136 176 2180 ¹‘112
219 2125 351 2179 'tate
394 2136 582 2179 nostra
627 2128 728 2178 sub
771 2127 1104 2179 recredentia
1152 2126 1367 2177 restitui
1414 2127 1643 2189 faciatis,
1669 2146 1731 2178 ac
1760 2127 2070 2193 pignoribus

180 2235 216 2253 a.
277 2219 340 2261 ut
392 2210 688 2277 predicitur
738 2210 1027 2271 restitutis,
1083 2211 1428 2277 suspendatis
1457 2210 1766 2261 huiusmodi
1796 2229 2073 2276 processus

147 2348 167 2360 ..
196 2309 360 2360 penas
397 2303 452 2344 et
488 2294 785 2346 sententias
823 2305 1110 2346 contentas
1148 2294 1201 2345 in
1239 2294 1340 2345 illis
1380 2312 1549 2360 usque
1586 2295 1654 2344 ad
1708 2313 1876 2345 unum
1930 2312 2073 2344 men-

59 2389 62 2390 ’
247 2394 278 2429 a
316 2376 452 2428 festo
494 2377 919 2429 Resurrectionis
958 2378 1225 2429 dominice
1264 2378 1447 2427 futuro
1488 2378 1731 2445 proxime
1754 2389 2072 2444 computan-

149 2459 154 2461 ’
195 2485 218 2503 ιι
243 2478 256 2523 ;
283 2462 605 2518 mandantes
634 2462 853 2528 utrique
879 2462 1119 2529 partium
1149 2463 1516 2529 predictarum
1560 2462 1703 2527 quod
1749 2461 1886 2511 infra
1929 2473 2074 2512 octa·

143 2573 191 2603 ⁷·
225 2542 357 2596 dicti
384 2543 511 2596 festi
540 2562 634 2612 per
650 2562 704 2596 se
724 2546 809 2596 vel
839 2556 1217 2612 procuratores
1247 2564 1433 2595 eorum
1464 2545 1731 2609 legitimos
1763 2564 1885 2595 cum
1918 2546 2073 2610 pleno

143 2625 470 2705 ,’,ιιιῆίοἰοιιῐὶ
502 2629 762 2679 mandato
794 2630 863 2680 ad
896 2628 1241 2680 concordiam
1274 2628 1585 2678 huiusmodi
1618 2628 1920 2677 faciendam
1953 2646 2074 2676 cum

144 2701 180 2778 ''ss
209 2708 350 2762 ··“ιιι
379 2711 534 2772 actis,
566 2711 771 2763 iuribus
802 2721 858 2762 et
892 2711 1244 2762 munimentis
1278 2711 1474 2776 quibus
1505 2710 1776 2760 voluerint
1808 2710 1861 2760 in
1895 2709 2073 2759 huius·

207 2790 250 2844 ·i
289 2810 450 2846 causa
494 2794 577 2846 uti
619 2812 800 2846 coram
845 2794 998 2845 nobis
1044 2794 1305 2845 studeant
1349 2811 1674 2860 comparere,
1723 2804 1781 2842 ut
1825 2792 2075 2843 discussis

7 2909 10 2916 ·
73 2917 74 2920 η
158 2873 305 2956 4ἰιιι
357 2878 671 2940 eorundem,
728 2879 873 2944 quod
929 2878 1136 2929 iustum
1207 2877 1369 2927 luerit
1441 2877 1621 2928 valeat
1690 2876 1950 2926 ordinari.
2025 2875 2077 2925 Si

65 2955 70 2958 ¹
215 2977 287 3011 -m
323 2960 468 3027 pacis
505 2961 676 3013 hostis
714 2961 946 3013 faciente
985 2962 1195 3012 malicia
1235 2972 1414 3027 partes
1452 2960 1564 3026 ipse
1600 2978 1707 3010 non
1748 2970 1964 3024 possent
2001 2959 2076 3008 in·

225 3068 248 3085 ··
304 3044 660 3096 amicabiliter
706 3044 1037 3105 concordari,
1086 3063 1194 3094 non
1240 3043 1571 3094 intendimus
1619 3061 1710 3107 per
1758 3043 2076 3091 mandatum

182 3184 202 3199 ,ἱ
296 3143 350 3178 m
395 3125 706 3179 huiusmodi
754 3128 1090 3194 processibus
1139 3126 1473 3192 inquisitoris
1522 3136 1576 3175 et
1624 3125 2077 3191 appellationibus

149 3207 154 3209 ’
206 3233 209 3240 ·
236 3206 385 3260 ulum
406 3211 775 3277 predictorum
799 3211 1129 3278 preiudicare
1154 3210 1208 3260 in
1231 3209 1439 3275 aliquo;
1464 3208 1704 3274 quinimo
1729 3208 1872 3273 quod
1890 3208 2078 3258 eodem

150 3288 161 3354 J
224 3283 256 3343 o
285 3308 484 3357 mense,
515 3293 560 3345 si
590 3303 772 3361 partes
804 3294 917 3360 ipse
950 3293 1293 3344 concordiam
1327 3310 1433 3341 non
1467 3290 1721 3341 duxerint
1752 3290 1983 3341 invicem
2002 3290 2078 3340 fa·

143 3425 148 3428 ,
189 3373 371 3441 dam,
406 3393 683 3444 processus
718 3394 925 3429 necnon
965 3375 1230 3427 sententie
1268 3386 1322 3424 et
1361 3391 1494 3441 pene
1532 3373 1585 3424 in
1622 3373 1695 3423 eis
1728 3383 1980 3424 contente
2017 3391 2079 3424 ac

148 3446 151 3450 ’
199 3484 204 3496 ·
232 3492 237 3496 ,
286 3458 494 3511 ationes
522 3460 833 3512 huiusmodi
860 3461 915 3510 in
943 3445 1130 3510 eorum
1160 3467 1516 3525 permaneant
1549 3456 1823 3518 firmitate,
1853 3466 1907 3506 et
1935 3456 2079 3522 quod

18 3526 25 3595 ἶ
73 3533 76 3534 ⁷
156 3537 350 3607 ,dieta
375 3541 600 3609 pignora
625 3542 682 3594 in
706 3560 768 3593 eo
796 3553 947 3594 statu
975 3544 1030 3594 in
1058 3561 1165 3609 quo
1195 3559 1335 3591 nunc
1364 3550 1489 3590 sunt
1537 3549 1894 3605 reponantur3
1922 3557 2082 3605 super

22 3611 25 3619 ¹
74 3617 97 3681 ſs
147 3612 304 3694 iius·
330 3622 586 3691 quicquid
615 3625 924 3677 faciendum
966 3624 1231 3676 duxeritis
1260 3622 1413 3673 nobis
1458 3639 1550 3687 per
1579 3631 1827 3687 patentes
1875 3632 2081 3673 vestras

159 3754 167 3757 ,
216 3729 233 3744 v
290 3722 315 3756 ι
344 3706 575 3759 formam
605 3708 939 3775 presentium
970 3707 1311 3760 continentes
1346 3704 1576 3755 fideliter
1595 3703 1844 3755 intimare
1864 3705 2077 3757 curetis.

147 3788 149 3790 ’
192 3780 407 3840 *Duum
436 3788 707 3853 Avinioni,
738 3808 794 3842 vr
825 3791 1082 3843 kalendas
1112 3787 1312 3856 aprilis,
1342 3804 1483 3838 anno
1528 3795 1699 3837 sexto.
