2540 4354
379 261 482 313 504
772 276 1057 309 BULLAmE
1103 277 1178 308 DE
1215 257 1630 319 L’memsrriorz
1681 276 2000 322 FRANQAISE

378 395 604 462 gatione·
634 394 816 459 aliqua
856 388 1001 460 quod
1040 392 1293 444 dominus
1332 411 1475 460 papa
1515 395 1796 444 Johannes
1839 394 2028 457 XXII,
2069 393 2162 459 qui
2198 393 2383 445 condi-

377 479 459 531 dit
502 490 557 529 et
601 479 730 529 fecit
771 478 889 528 illas
935 478 1234 527 decretales
1279 496 1375 542 per
1419 497 1552 543 quas
1598 478 1903 528 declaravit
1948 480 2093 544 quod
2139 478 2385 530 Christus

378 563 433 614 in
453 572 726 629 quantum
744 563 907 611 homo
933 560 1130 610 habuit
1154 561 1552 627 proprietatem
1570 562 1626 612 in
1651 563 1869 629 proprio
1896 572 1951 612 et
1974 563 2029 612 in
2055 562 2334 613 communi
2353 563 2388 622 5,

379 647 524 712 quod
578 646 622 696 si
672 646 727 695 in
781 646 927 695 dicto
981 644 1263 711 proposito
1317 645 1587 710 pertinaci
1637 645 1949 707 decesserit,
1983 645 2158 696 eredit
2207 646 2389 710 ipsum

378 730 664 782 dominum
698 730 1010 779 Johannem
1046 728 1274 778 firmiter
1303 740 1358 778 et
1391 741 1709 780 constanter
1739 729 2041 778 hereticum
2071 729 2390 790 decessisse;

378 825 434 863 et
469 814 615 864 idem
653 813 824 864 credit
862 814 927 862 de
966 812 1220 862 omnibus
1259 813 1653 863 adherentibus
1693 813 2080 879 oppinionibus
2119 825 2174 863 et
2210 814 2390 863 decre-

378 897 581 948 talibus
624 897 885 957 eiusdem,
929 907 984 945 et
1027 898 1172 961 quod
1214 896 1485 946 iustitiam
1508 897 1607 946 Dei
1647 897 1987 947 incurrerent
2004 908 2060 946 et
2089 897 2391 948 sententias

378 993 565 1033 sancte
621 980 810 1031 matris
869 980 1122 1031 Ecclesie.
1185 981 1336 1030 Idem
1391 981 1565 1031 credit
1618 983 1682 1030 de
1739 981 1991 1032 omnibus
2037 980 2394 1048 pontificibus

379 1064 782 1116 successoribus
825 1065 1059 1132 predicti
1101 1065 1311 1115 domini
1354 1064 1621 1116 Johannis
1665 1084 1824 1131 pape,
1868 1082 2081 1116 necnon
2121 1075 2179 1115 et
2220 1065 2393 1118 cardi-

379 1150 595 1201 nalibus
641 1160 698 1199 et
742 1150 966 1215 prelatis
1013 1167 1108 1216 per
1153 1150 1387 1199 eundem
1435 1149 1722 1200 dominum
1785 1150 2098 1202 Johannem
2153 1162 2210 1202 et
2269 1168 2394 1200 suos

384 1252 719 1284 successores
783 1233 1069 1295 ordinatis,
1134 1234 1178 1283 si
1236 1233 1511 1299 predictas
1589 1234 1889 1284 decretales
1951 1243 2006 1282 et
2068 1233 2389 1300 oppiniones

382 1327 700 1368 constanter
786 1328 997 1368 tenent.
1080 1319 1150 1367 Et
1236 1318 1292 1367 in
1381 1318 1483 1398 hac
1558 1317 1899 1368 confessione
1991 1330 2390 1383 consequenter

379 1402 718 1466 interrogata
773 1401 947 1463 stetit,
1002 1401 1169 1451 nichil
1222 1402 1518 1453 detrahens
1573 1403 1658 1451 vel
1711 1403 1938 1463 addens,
1961 1413 2189 1467 excepto
2245 1404 2391 1467 quod

380 1486 425 1536 si
467 1485 676 1551 aliquid
721 1485 937 1536 dixerat
983 1504 1085 1550 que
1131 1485 1342 1550 egerint
1387 1485 1740 1547 correctione,
1795 1504 1850 1534 se
1906 1485 2162 1535 submisit
2222 1504 2394 1535 corre-

383 1569 553 1620 ctioni
591 1580 648 1618 et
688 1569 1048 1620 declarationi
1089 1580 1278 1620 sancte
1319 1588 1544 1619 romane
1585 1580 1641 1617 et
1697 1568 2018 1619 universalis
2066 1569 2301 1619 Ecclesie
2341 1581 2396 1620 et

385 1652 908 1723 consiliisgeneraliS.
952 1656 1063 1704 Hec
1098 1666 1285 1704 autem
1319 1654 1374 1703 in
1409 1672 1667 1719 processu
1703 1671 1865 1717 super
1898 1655 1999 1703 hoc
2047 1654 2237 1704 habito
2287 1654 2396 1718 ple-

381 1738 503 1789 nius
532 1738 903 1790 continentur.

459 1823 886 1888 Consequenter,
906 1824 1089 1889 aliquo
1109 1824 1262 1889 lapso
1282 1832 1550 1888 tempore,
1586 1821 1829 1888 predicta
1864 1822 2115 1888 Blanqua
2149 1823 2396 1889 predicta
2444 1822 2461 1837 ⁶
2522 1812 2526 1819 ⁵

387 1919 442 1959 et
462 1908 673 1959 monita
692 1918 749 1957 et
781 1908 1011 1973 benigne
1046 1908 1272 1972 inducta
1293 1925 1433 1977 per
1434 1927 1530 1958 nos
1552 1907 1936 1972 inquisitorem
1983 1907 2294 1974 predictum
2340 1918 2396 1957 et

388 1992 872 2060 pervenerabilem
890 1992 1071 2042 virum
1117 1973 1406 2042 dominum
1454 1993 1768 2041 ,Iohannem
1814 1991 1879 2041 de
1898 1993 2082 2053 Bessa,
2106 1992 2392 2043 officialem

387 2076 838 2140 Avinionensem,
859 2095 954 2143 per
973 2077 1259 2128 dominum
1281 2076 1641 2126 camerarium
1661 2075 1871 2126 domini
1902 2075 2077 2127 nostri
2108 2096 2247 2142 pape
2279 2095 2399 2144 pre-

385 2162 534 2213 dicto
575 2163 798 2213 domino
837 2160 1914 2227 inquisitoriadiunctum,predicata‚et
1933 2178 2028 2225 per
2046 2162 2225 2226 plures
2245 2181 2393 2213 sacre

386 2246 658 2312 theologie
693 2247 982 2312 magistros
1017 2245 1262 2312 predicta
1299 2244 1481 2295 omnia
1515 2243 1570 2295 in
1590 2255 1864 2311 quantum
1883 2243 2218 2296 videbantur
2235 2244 2392 2298 nobis
2485 2223 2521 2327 ἑ

383 2331 700 2399 inquisitori
746 2331 992 2398 predicto
1039 2341 1096 2381 et
1143 2330 1365 2380 domino
1400 2329 1617 2379 officiali
1635 2327 2292 2380 Avinionensiantedicto
2339 2341 2396 2381 et
2481 2331 2518 2389 ἑ·

386 2415 659 2482 magistris
705 2414 986 2482 prelibatis
1032 2433 1255 2465 erronea
1300 2425 1355 2464 et
1402 2413 1556 2463 Sacre
1605 2411 1899 2479 Scripture,
1932 2432 2027 2464 seu
2071 2414 2398 2465 determina-

386 2501 525 2553 tioni
581 2500 817 2551 Ecclesie
869 2517 1095 2549 romane
1151 2498 1424 2550 contraria
1479 2508 1534 2547 et
1590 2497 1718 2548 fidei
1762 2497 2047 2560 catholice,
2114 2499 2398 2549 revocavit

386 2586 740 2652 solempniter
780 2596 836 2635 et
879 2587 1002 2633 cum
1044 2583 1352 2633 iuramento
1397 2583 1451 2633 in
1494 2583 1667 2631 forma
1713 2601 1816 2647 que
1857 2581 1913 2632 in
1954 2582 2101 2633 dicto
2145 2601 2397 2648 processu

386 2671 597 2737 plenius
631 2669 962 2729 continetur,
997 2668 1172 2717 medio
1206 2667 1800 2728 iuram'ento,asserens
1831 2667 2161 2716 decretalem
2193 2667 2400 2718 domini

2478 2493 2506 2534 “ss

389 2754 658 2805 Johannis
699 2773 838 2820 pape
884 2753 1055 2803 XXII
1096 2751 1520 2818 predictizCum
1562 2750 1695 2800 inter
1736 2751 2036 2815 nonnullos,
2070 2763 2177 2813 etc„
2219 2761 2396 2802 totam

388 2850 443 2888 et
481 2839 538 2889 in
579 2839 826 2904 qualibet
866 2837 949 2887 sui
967 2848 1124 2903 parte
1164 2854 1352 2886 veram
1390 2847 1449 2885 et
1490 2834 1838 2896 catholicam,
1882 2835 2007 2901 quia
2049 2835 2103 2888 in
2144 2854 2405 2902 expressa

388 2923 688 2974 assertione
733 2923 892 2973 Sacre
937 2921 1212 2986 Scripture
1257 2922 1343 2970 vel
1384 2919 1439 2971 in
1481 2930 1671 2985 aperta
1715 2919 2093 2985 suppositione
2115 2921 2396 2971 fundatur.

389 3009 699 3059 Confitetur
745 3005 916 3055 etiam
967 3005 1144 3054 medio
1196 3004 1506 3054 iuramento
1557 3003 1889 3053 decretalem
1939 3003 2150 3054 domini
2203 3003 2396 3054 Nicho-

387 3094 479 3158 lay
517 3093 601 3142 III
637 3112 647 3141 z
684 3091 832 3140 Exiit
865 3089 954 3155 qui
987 3089 1214 3138 seminat
1234 3087 1270 3150 ⁶,
1292 3099 1414 3149 etc.,
1449 3085 1504 3136 in
1551 3105 1612 3137 ea
1648 3097 1804 3152 parte
1836 3086 1892 3138 in
1926 3106 2032 3152 qua
2068 3088 2400 3139 determinat
2470 3092 2483 3100 ”

387 3178 452 3227 de
473 3175 587 3227 vita
622 3186 678 3225 et
712 3175 962 3226 doctrina
1000 3173 1200 3224 Christi
1243 3183 1302 3222 et
1336 3173 1713 3238 apostolorum
1744 3181 1800 3220 et
1833 3171 1947 3222 vita
1984 3173 2260 3228 meritoria
2294 3173 2404 3224 fore

388 3278 576 3310 veram
610 3271 667 3309 et
703 3258 1033 3312 catholicam
1068 3270 1124 3307 et
1159 3257 1433 3323 predictas
1469 3256 1770 3306 decretales
1806 3273 1917 3306 non
1951 3274 2064 3305 esse
2101 3255 2399 3307 contrarias

389 3344 531 3394 sieut
574 3343 630 3393 in
673 3342 820 3393 dicto
867 3359 1124 3407 processu
1170 3340 1382 3407 plenius
1430 3339 1764 3391 continetur.
1818 3339 1957 3388 Item
2001 3341 2196 3390 eodem
2242 3340 2398 3390 modo

390 3427 623 3478 asseruit
677 3426 964 3477 dominum
1021 3415 1335 3476 Johannem
1390 3442 1595 3490 papam
1654 3423 1826 3473 XXII
1883 3422 2047 3474 fuisse
2102 3441 2293 3474 verum
2345 3432 2400 3472 et

392 3511 726 3561 catholicum
772 3529 1051 3559 summum
1096 3508 1419 3576 pontificem
1464 3518 1520 3557 et
1565 3525 1900 3557 successores
1946 3526 2070 3558 suos
2118 3525 2288 3573 usque
2331 3507 2397 3556 ad

391 3595 677 3645 dominum
743 3593 1127 3644 Innocentium
1190 3594 1264 3643 VI
1324 3590 1587 3642 inclusive
1651 3609 1813 3656 quem
1860 3591 2160 3641 confitetur
2208 3608 2395 3641 verum
2453 3611 2457 3614 ·

391 3697 667 3727 summum
717 3677 1037 3743 pontificem
1086 3688 1141 3726 et
1191 3675 1392 3727 Christi
1439 3674 1726 3735 vicarium,
1778 3673 1927 3723 cuius
1978 3674 2299 3725 correctioni
2343 3681 2396 3722 et
