2540 4354
417 361 515 414 326
802 378 1088 413 nummus:
1136 377 1213 410 DE
1257 355 1672 420 L’momsrrion
1716 376 2035 422 rmmcnsn

1226 577 1567 637 -212—

488 743 862 809 L’archeveque
915 743 975 792 de
1032 739 1321 792 Narboitne
1373 741 1529 791 devm
1582 740 1762 791 rendre
1816 750 1935 806 apte
1987 743 2020 790 ὰ
2073 753 2272 792 exercet·
2346 743 2417 793 les

416 828 628 892 charges
682 827 960 894 publiques
1014 826 1058 876 le
1111 826 1284 892 la'ique
1338 824 1616 891 Raymond
1667 824 1727 874 de
1798 823 2147 886 Tournissan,
2203 824 2325 875 dont
2375 827 2418 877 le

420 911 731 976 grand-pere
758 930 791 960 a
816 914 888 961 έιέ
915 910 1202 962 condamne'
1229 928 1363 977 pour
1391 908 1582 960 heresi-e
1610 912 1762 975 apres
1790 926 1851 959 sa
1879 919 2023 960 mort.
2053 937 2120 944 —
2148 908 2416 976 Avignon‚

414 995 478 1046 25
516 995 635 1062 juin
676 995 826 1048 1352.

760 1123 863 1179 Reg.
896 1126 1010 1179 Vae„
1035 1132 1069 1168 t.
1098 1140 1259 1179 ccxm,
1284 1125 1360 1168 fol.
1388 1125 1487 1179 318,
1514 1140 1556 1167 n.
1584 1126 1678 1168 202.

498 1246 879 1299 Ven.fratri..¹
919 1245 1329 1313 archiepiscopo
1349 1246 1680 1309 Narbonem,
1714 1248 1966 1311 salutem,
2011 1260 2113 1300 etc.
2159 1278 2227 1287 -—-
2263 1249 2422 1300 Exhi-

418 1332 531 1382 bita
572 1331 726 1382 nobis
768 1350 863 1398 pro
905 1342 1060 1397 parte
1100 1332 1284 1382 dilecti
1327 1332 1421 1383 filii
1477 1333 1796 1398 Raymundi
1834 1334 1899 1384 de
1952 1334 2263 1386 Tornesano
2287 1334 2325 1395 ²,
2358 1335 2421 1384 de

420 1417 654 1478 Limoso,
680 1415 804 1467 laici
828 1426 921 1466 tue
948 1416 1191 1481 diocesis,
1212 1416 1406 1483 petitio
1427 1417 1747 1468 continebat
1766 1419 1912 1484 quod
1933 1420 2212 1485 quondam
2235 1421 2423 1469 Petrus

419 1501 686 1568 Stephani
723 1502 788 1551 de
826 1501 1158 1563 Tornesano,
1197 1502 1367 1552 laicus
1406 1503 1792 1554 Carcassonen.
1833 1503 2080 1566 diocesis,
2119 1522 2256 1554 avus
2288 1503 2420 1554 eius-

418 1587 542 1638 dem
599 1586 935 1652 Raymundi,
991 1597 1116 1652 post
1169 1586 1281 1636 eius
1337 1586 1552 1637 obitum
1607 1606 1700 1653 per
1752 1586 2136 1653 inquisitorem
2189 1588 2421 1638 heretice

419 1670 712 1737 pravitatis
765 1670 821 1721 in
874 1671 1125 1737 partibus
1179 1671 1281 1722 illis
1336 1671 1671 1723 auctoritate
1724 1672 2023 1738 apostolica
2072 1673 2422 1738 deputatum,

419 1755 608 1806 extitit
659 1755 802 1807 sicut
853 1755 1121 1807 hereticus
1175 1757 1632 1823 condempnatus.
1689 1757 1866 1821 Quare
1918 1775 2014 1823 pro
2035 1767 2192 1823 parte
2258 1757 2421 1822 ipsius

422 1840 742 1906 Raymundi
795 1840 951 1891 nobis
1007 1840 1196 1891 extitit
1250 1841 1529 1891 humiliter
1583 1841 1955 1907 supplicatum
2010 1851 2091 1903 ut,
2141 1860 2263 1891 cum
2317 1841 2426 1908 ipse

424 1924 706 1976 occasione
744 1924 1060 1976 huiusmodi
1094 1937 1335 1992 nequeat
1371 1926 1590 1992 publica
1630 1925 1804 1977 officia
1842 1944 2108 1987 exercere,
2128 1945 2223 1976 nec
2261 1926 2424 1977 etiam

418 2009 488 2061 ad
541 2010 837 2076 dignitates
888 2011 1110 2073 assumi,
1164 2029 1268 2077 que
1319 2028 1546 2076 persone
1597 2021 1922 2077 competunt
1971 2009 2200 2062 seculari
2224 2010 2259 2072 ³,
2325 2009 2424 2061 sibi

422 2095 536 2160 qui,
571 2105 634 2145 ut
666 2095 943 2158 asseritur,
968 2095 1199 2146 fideliter
1221 2096 1558 2162 firmiterque
1592 2095 1647 2146 in
1680 2095 1995 2151 sinceritate
2018 2095 2144 2146 fidei
2163 2095 2422 2146 catholice

420 2198 632 2247 semper
666 2180 909 2246 perstitit
942 2191 998 2231 et
1032 2180 1292 2247 persistit,
1329 2180 1615 2247 providere
1650 2182 1715 2231 de
1750 2180 2090 2246 benignitate
2125 2179 2419 2246 apostolica

422 2264 786 2329 dignaremur.
851 2268 957 2316 Nos
1014 2265 1246 2331 igitur...
1306 2265 1645 2316 fraternitati
1699 2275 1861 2315 tue...
1922 2263 2317 2315 committimus
2371 2273 2424 2312 et

421 2350 748 2402 mandamus
781 2350 927 2416 quod
959 2350 1003 2401 si
1033 2361 1115 2401 est
1145 2350 1221 2401 ita
1266 2349 1442 2401 eidem
1490 2351 1821 2416 Raymundo
1867 2350 2031 2415 quod,
2064 2347 2334 2415 premissis
2365 2367 2424 2398 ac

421 2433 589 2486 felicis
624 2435 1016 2486 recordationis
1059 2420 1364 2485 Innocentii
1404 2434 1539 2496 IIII,
1576 2444 1632 2484 et
1667 2433 1965 2485 Alexandri
2005 2434 2137 2495 IIII,
2174 2451 2235 2483 ac
2270 2431 2423 2482 Boni·

418 2517 544 2570 facii
591 2519 728 2570 VIII
772 2538 1125 2571 romanorum
1171 2519 1498 2586 pontificum
1544 2520 1985 2585 predecessorum
2031 2528 2340 2568 nostrorum
2371 2525 2424 2566 et

422 2604 859 2671 quibuscumque
895 2605 1012 2655 aliis
1049 2604 1541 2655 constitutionibus
1563 2623 1625 2654 ac
1643 2603 2004 2665 statutis‚seu
2024 2600 2423 2653 consuetudini-

421 2690 520 2739 bus
554 2689 837 2741 contrariis
895 2708 1247 2756 nequaquam
1281 2688 1814 2749 obstantibus‚idem
1851 2686 2213 2753 Raymundus
2246 2685 2423 2735 huius-

423 2773 570 2825 modi
596 2774 813 2840 publica
842 2775 1016 2846 officia
1043 2792 1290 2824 exercere
1317 2783 1371 2823 et
1397 2773 1466 2823 ad
1493 2772 1792 2838 dignitates
1819 2771 2043 2834 assumi,
2072 2789 2175 2838 que
2202 2787 2422 2837 persone

423 2868 747 2925 competunt
787 2858 1035 2921 seculari,
1074 2859 1239 2909 libere
1280 2867 1335 2907 et
1374 2857 1519 2908 licite
1539 2856 1724 2908 valeat
1763 2856 2063 2923 apostolica
2098 2853 2423 2906 auctoritate

422 2942 705 2994 concedaS.
749 2970 817 2979 -
865 2945 1070 2995 Datum
1113 2941 1389 3005 Avinioni,
1448 2961 1527 2993 vu
1570 2941 1832 2993 kalendas
1873 2940 2007 3003 iulii,
2063 2958 2206 2992 anno
2262 2937 2424 2989 unde-

418 3028 575 3083 cim0.

477 3216 517 3258 1.
552 3216 699 3260 Pierre
721 3219 776 3261 de
798 3218 840 3264 la
862 3219 891 3261 J
896 3219 1016 3274 ugie;
1042 3219 1138 3262 voir
1159 3235 1202 3262 n.
1228 3221 1327 3274 209,
1350 3227 1456 3264 note
1478 3221 1519 3264 1.

480 3289 518 3328 2.
553 3288 825 3332 Tournissan
856 3288 1035 3344 (Ande),
1062 3299 1182 3334 cant.
1210 3293 1266 3334 de
1293 3294 1523 3348 Lagrasse,
1549 3297 1728 3338 arrond.
1756 3283 1812 3340 de
1839 3298 2155 3341 Carcassonne.

480 3361 520 3402 3.
554 3359 639 3400 Sur
662 3367 781 3403 cette
806 3361 1050 3414 exclusion,
1075 3362 1173 3404 voir
1197 3378 1239 3404 11.
1267 3365 1336 3416 68,
1362 3372 1469 3407 note
1493 3367 1534 3418 2,
1559 3374 1606 3408 et
1631 3366 1963 3422 Introduction,
1987 3384 2030 3424 p.
2059 3383 2204 3422 vau,
2227 3369 2289 3410 4⁰.
