2540 4354
419 384 484 441 20
809 404 1094 439 BULLAIRE
1139 404 1212 434 DE
1256 382 1671 442 L’INQulslTION
1717 398 2038 443 FRANQAISE

762 537 866 587 Reg.
898 535 1011 585 Vat„
1038 540 1070 574 t.
1100 546 1210 583 Lvn,
1236 546 1279 571 n.
1307 531 1406 580 125,
1431 529 1507 569 fol.
1559 530 1612 568 33
1648 532 1718 575 v⁰;
1761 528 1896 579 Doat,
1937 535 1969 568 t.
2013 541 2168 578 xxxn,
2219 527 2295 567 fol.
2339 528 2423 576 603

703 607 808 658 Reg.
839 605 970 646 Clem.
1004 604 1058 655 V,
1086 617 1128 643 n.
1159 602 1291 650 5238;
1323 600 1552 650 Haure'au‚
1580 597 1778 639 Bernard
1801 597 2026 639 Delicieux
2056 603 2093 638 el
2123 596 2424 650 l'Inquisition

704 675 949 728 albigeoise,
982 688 1025 727 p.
1059 673 1142 713 194
1178 671 1243 724 (in
1274 669 1391 723 emh).

495 815 802 869 Venerabili
841 813 1057 864 fratri..
1106 812 1358 878 episcopo
1415 809 1656 860 Albiensi
1694 809 1714 840 ²
1768 820 1823 859 et
1877 808 2085 859 dilectis
2109 808 2228 859 filiis
2247 808 2422 874 inqui-

426 902 685 954 sitoribus
724 898 956 949 heretice
995 895 1286 963 pravitatis
1324 895 1378 944 in
1417 893 1666 960 partibus
1706 893 2068 944 Albiensibus.
2109 924 2178 929 —
2214 892 2425 958 Signifi-

427 996 625 1036 carunt
668 983 822 1034 nobis
873 983 1088 1032 Isarnus
1135 980 1283 1041 Colli,
1332 981 1522 1029 Petrus
1570 978 1792 1039 Fransa,
1839 979 2117 1028 Johannes
2179 979 2423 1043 Delport,

427 1071 705 1122 Johannes
750 1066 929 1127 Paish,
976 1067 1167 1115 Petrus
1211 1065 1275 1113 de
1322 1064 1660 1129 RayschacO,
1703 1063 2012 1112 Bernardus
2056 1063 2236 1123 Casas,
2283 1062 2426 1112 Guil-

425 1155 618 1204 lelmus
659 1151 925 1211 Salavert,
969 1149 1286 1199 Guillelmus
1327 1149 1390 1197 de
1434 1148 1669 1209 Landas,
1715 1147 1932 1197 Isarnus
1973 1148 2038 1196 de
2093 1147 2427 1198 Cardalhaco

427 1249 483 1288 et
521 1237 837 1288 Guillclmus
873 1233 1114 1294 Borrelli,
1155 1232 1296 1282 cives
1335 1231 1632 1293 Albienses,
1672 1232 1818 1297 quod
1854 1230 1967 1298 ipsi'
1993 1230 2139 1293 olim,
2178 1232 2242 1280 de
2281 1251 2430 1282 man·
2489 1250 2494 1254 ·

427 1323 561 1372 dato
589 1318 914 1369 venerabilis
939 1317 1125 1389 iratris
1154 1316 1326 1366 nostri
1352 1316 1632 1378 Bernardi,
1664 1315 1980 1377 Aniciensis,
2010 1326 2142 1365 tune
2163 1315 2430 1368 Albiensis

427 1404 683 1472 episcopi,
708 1413 763 1452 et
784 1401 1121 1468 inquisitoris
1146 1419 1239 1451 seu
1261 1400 1649 1466 inquisitorum
1674 1400 1940 1466 quierant
1959 1411 2091 1450 tunc
2109 1400 2164 1452 in
2183 1400 2430 1466 partibus

434 1489 554 1551 illis,
603 1487 882 1538 occasione
930 1485 1166 1535 criminis
1213 1486 1477 1547 hereseos,
1526 1486 1749 1535 fuerunt
1796 1484 1994 1535 carceri
2014 1484 2330 1551 mancipati,
2377 1494 2432 1534 et

426 1574 541 1640 jam
573 1591 667 1638 per
701 1582 823 1622 octo
859 1589 1027 1620 annos
1061 1580 1115 1619 et
1147 1569 1399 1635 amplius,
1433 1580 1550 1619 tam
1584 1569 1738 1619 Albie
1772 1588 1938 1635 quam
1973 1570 2298 1620 Carcassone
2332 1568 2433 1619 diri

430 1656 658 1708 carceris
698 1655 978 1720 angustias
1019 1655 1399 1704 substulerunt
1437 1653 1578 1704 sicut
1616 1655 1796 1704 adhuc
1834 1653 2126 1715 sustinent,
2181 1653 2432 1720 quamvis

430 1743 579 1792 nulla
610 1759 772 1807 super
801 1741 902 1789 hoc
931 1740 1078 1789 facta
1108 1739 1273 1788 fuerit
1303 1738 1726 1804 condempnatio
1757 1739 1821 1788 de
1850 1738 2071 1789 eisdem.
2094 1739 2228 1789 Cum
2249 1749 2434 1788 autem

429 1845 496 1876 ex
531 1836 686 1892 parte
723 1824 996 1874 dictorum
1033 1823 1234 1873 civium
1270 1823 1467 1889 pluries
1503 1823 1764 1873 fuerimus
1801 1843 1924 1873 cum
1958 1822 2224 1873 instantia
2259 1822 2433 1888 requi-

430 1910 520 1961 siti
557 1920 620 1959 ut
657 1909 726 1959 ad
765 1907 1319 1974 condempnationem
1356 1908 1442 1956 vel
1479 1907 1881 1957 absolutionem
1918 1908 2235 1956 eorumdem
2273 1918 2434 1973 prout

431 1995 518 2060 jus
553 1992 722 2058 exigit
754 1993 1055 2043 faceremus
1089 1992 1324 2058 procedi,
1359 2010 1455 2042 nos
1488 1992 1733 2041 volentes
1769 1993 1914 2057 quod
1949 1991 2086 2042 circa
2119 1991 2235 2042 illos
2269 1991 2433 2042 vestri

432 2077 592 2129 officii
633 2076 882 2127 debitum
924 2076 1454 2141 exequaminisicut
1495 2076 1668 2138 decet,
1712 2075 2026 2126 discretioni
2065 2086 2244 2126 vestre
2288 2095 2436 2128 man-

430 2164 625 2213 damus
658 2160 917 2227 quatinus
949 2161 1097 2226 apud
1130 2159 1347 2210 Albiam
1377 2171 1456 2221 tu,
1489 2161 1658 2211 frater
1687 2160 1954 2226 episcope,
1988 2179 2082 2226 per
2111 2171 2183 2223 te,
2214 2162 2301 2210 vel
2345 2179 2437 2227 per

430 2246 616 2308 alium,
652 2264 746 2295 seu
781 2244 911 2295 alios
947 2245 1015 2295 ad
1051 2246 1150 2294 hoc
1185 2232 1444 2311 ydoneos,
1481 2264 1577 2295 vos
1613 2263 1758 2307 vero,
1793 2245 2085 2310 inquisitor
2130 2246 2215 2295 vel
2261 2245 2435 2312 inqui·

430 2331 621 2381 sitores
658 2329 874 2395 prefati,
911 2329 1267 2395 personaliter
1302 2329 1573 2395 predictos
1611 2330 1753 2379 cives
1789 2330 2120 2396 ubicumque
2157 2330 2436 2381 detinean-

432 2426 522 2464 tur
551 2413 751 2464 adduci
780 2413 848 2463 ad
879 2424 1122 2463 vestram
1152 2414 1485 2480 presentiam
1514 2416 1615 2464 sub
1650 2415 1759 2465 fida
1791 2415 2039 2465 custodia
2070 2414 2350 2478 facientes,
2381 2415 2432 2465 in

430 2499 621 2549 eodem
670 2497 906 2563 negotio,
958 2498 1394 2564 quibuscumque
1444 2499 1785 2564 processibus
1835 2499 1994 2550 factis
2045 2518 2138 2550 seu
2168 2499 2435 2550 inchoatis

431 2602 525 2649 per
563 2581 898 2632 venerabiles
939 2583 1132 2633 fratres
1176 2583 1540 2645 Leonardum,
1584 2583 1970 2646 Albanensem,
2016 2585 2257 2646 Petrum,
2292 2602 2435 2634 nunc

434 2666 832 2728 Penestrinum,
866 2677 999 2716 tunc
1047 2667 1196 2716 tituli
1228 2667 1404 2718 sancti
1451 2667 1662 2729 Vitalis,
1697 2679 1752 2718 et
1797 2668 2202 2733 Berengarium,
2238 2669 2436 2719 Tuscu-

430 2752 618 2801 lanum
660 2750 960 2816 episcopos,
989 2762 1122 2800 tunc
1148 2751 1298 2801 tituli
1323 2763 1640 2802 sanctorum
1670 2752 1828 2802 Nerei
1854 2763 1908 2802 et
1936 2752 2178 2815 Achillei,
2221 2763 2276 2802 et
2313 2751 2437 2802 dile·

433 2845 548 2885 ctos
585 2835 720 2884 filios
752 2845 966 2885 nostros
988 2837 1316 2898 Johannem,
1336 2836 1485 2886 tituli
1517 2849 1833 2887 sanctorum
1868 2837 2164 2888 Marcellini
2195 2848 2249 2887 et
2276 2836 2437 2900 Petri,

433 2921 798 2985 presbyteros,
833 2938 895 2969 ac
932 2919 1286 2983 Richardum,
1322 2921 1499 2993 sancti
1534 2922 1817 2972 Eustachii
1849 2922 2143 2972 diaconum
2191 2921 2434 2972 cardina-

431 3004 525 3064 les,
556 3021 650 3052 seu
679 3021 773 3068 per
802 3003 1062 3053 dilectum
1095 3004 1266 3055 filium
1296 3005 1618 3068 Arnaldum‚
1673 3008 1935 3057 abbatem
1965 3006 2281 3058 monasterii
2301 3005 2437 3056 Fon-

434 3086 706 3152 tisfrigidi,
751 3087 1103 3138 cisterciensis
1143 3089 1363 3152 ordinis,
1407 3091 1774 3141 Narbonensis
1799 3091 2042 3154 diocesis,
2073 3111 2218 3141 nunc
2246 3100 2432 3142 sancte
2499 3086 2509 3098 ⁰

432 3190 654 3221 romane
696 3171 930 3222 Ecclesie
967 3172 1489 3237 vicecancellarium,
1527 3194 1620 3226 seu
1657 3175 1788 3227 alios
1827 3194 2219 3242 quoscumque,
2257 3175 2438 3241 vigore

435 3255 826 3306 commissionis
847 3275 939 3306 seu
983 3257 1427 3309 commissionum
1470 3278 1563 3325 pcr
1605 3279 1701 3310 nos
1745 3262 1830 3310 vel
1873 3279 1966 3326 per
2008 3259 2176 3310 felicis
2194 3259 2435 3310 reeorda-

435 3337 597 3388 tionis
647 3338 1010 3390 Benedictum
1061 3360 1263 3407 papam
1318 3344 1398 3392 XI
1464 3345 1900 3409 predecessorem
1965 3355 2216 3395 nostrum
2279 3359 2439 3408 super

435 3422 584 3472 facto
632 3423 830 3473 heresis
880 3423 1054 3475 dictos
1104 3425 1245 3476 cives
1294 3438 1555 3492 tangente
1604 3430 1895 3490 factarum,
1944 3447 2006 3478 ac
2053 3427 2438 3493 subrogatione

437 3507 636 3571 prefati
678 3508 895 3558 abbatis
938 3508 992 3558 in
1034 3511 1214 3559 locum
1258 3511 1488 3576 predicti
1531 3513 1658 3562 olim
1701 3513 1969 3563 Albiensis
2012 3512 2251 3579 episcopi
2292 3512 2436 3562 facta

437 3609 789 3656 nequaquam
815 3593 1263 3657 obstantibusfin
1289 3596 1480 3646 eodem
1505 3597 1742 3662 negotio,
1769 3599 1944 3648 solum
1973 3599 2149 3647 Deum
2174 3598 2437 3647 habentes

437 3692 528 3738 pre
568 3676 752 3737 oculis,
794 3677 862 3726 ad
901 3677 1288 3742 inquirendum
1328 3692 1516 3732 contra
1556 3681 1672 3731 illos
1713 3693 1901 3732 contra
1943 3700 2077 3747 quos
2115 3681 2437 3746 inquisitum

438 3777 545 3806 non
579 3769 660 3807 est
693 3770 747 3808 et
781 3771 970 3811 contra
1004 3762 1119 3812 illos
1154 3763 1320 3813 etiam
1356 3776 1544 3815 contra
1580 3785 1713 3831 quos
1747 3765 2072 3831 inquisitum
2105 3765 2311 3826 extitit,
2346 3762 2436 3814 sed
