2540 4354
434 361 535 415 338
823 378 1108 412 nunnae
1154 378 1228 409 DE
1277 357 1691 419 L’1NQU1s1'1-10N
1739 377 2056 422 FnA-xcmsss

491 511 531 551 1.
564 509 751 550 Arnaud
777 509 839 550 du
868 508 1018 561 Falga.
1055 507 1165 548 Gall.
1194 506 1355 560 christ„
1383 515 1416 548 t.
1446 521 1478 559 1,
1505 506 1586 547 col.
1616 507 1684 547 54.

492 581 531 622 2.
567 580 808 634 Raymond
838 578 912 633 (Ρ).
946 578 1058 620 Gall.
1084 578 1245 642 christ„
1271 585 1304 619 t.
1331 592 1363 630 1,
1389 577 1470 618 col.
1498 578 1596 618 253.

1267 994 1613 1053 -221—

506 1159 892 1226 L’inquisiteur
925 1158 1105 1208 Pierre
1137 1157 1223 1207 des
1259 1157 1441 1207 Monts
1474 1158 1668 1208 obtient
1699 1177 1834 1224 pour
1865 1178 1961 1209 son
1994 1159 2192 1210 notaire
2215 1170 2258 1210 et
2288 1159 2443 1225 sami-

436 1245 547 1308 lier,
585 1243 886 1294 Guillaume
934 1241 1084 1304 Fini,
1138 1261 1209 1292 un
1271 1242 1546 1292 canonicat
1606 1243 1739 1293 dans
1801 1243 1997 1308 l’e'glise
2043 1245 2103 1295 de
2151 1243 2442 1307 Cavaillon,

437 1348 500 1379 en
528 1332 855 1393 recompense
883 1328 968 1377 des
998 1326 1214 1377 services
1243 1326 1375 1392 qu'il
1403 1345 1435 1375 a
1463 1328 1656 1377 rendae
1684 1346 1748 1377 en
1776 1328 2081 1379 travaillant
2107 1332 2139 1378 ὰ
2168 1329 2220 1378 la
2247 1332 2438 1394 repres-

437 1413 555 1463 sion
587 1413 646 1462 de
679 1411 927 1473 l'he'resie,
962 1422 1164 1460 sur-tout
1196 1411 1329 1461 dans
1362 1412 1414 1461 la
1446 1411 1691 1477 province
1723 1412 2038 1463 d’Embrun.
2074 1441 2143 1448 —
2175 1413 2442 1478 Avignon,

440 1497 502 1547 15
538 1516 680 1548 mars
717 1497 868 1546 1355.

725 1668 729 1687 Ξ
782 1631 887 1683 Reg.
912 1631 1129 1685 Sappho,
1151 1639 1183 1672 t.
1208 1646 1324 1672 xxvl
1351 1630 1521 1684 (Innoc.
1545 1632 1624 1685 VI,
1646 1647 1718 1673 an.
1744 1632 1849 1686 III),
1871 1632 1947 1674 fol.
1970 1634 2019 1675 71
2046 1638 2111 1675 νο.

511 1753 798 1819 Supplicat
838 1752 887 1802 S.
931 1752 992 1802 V.
1035 1752 1253 1802 humilis
1295 1763 1478 1803 orator
1517 1763 1699 1802 vester
1735 1753 1906 1803 frater
1947 1754 2138 1803 Petrus
2179 1754 2243 1803 de
2298 1754 2443 1804 Mon·

440 1839 588 1888 tibus
614 1837 650 1900 ¹,
687 1837 889 1894 ordinis
924 1836 1158 1886 fratrum
1194 1837 1485 1898 minorum,
1520 1837 1576 1886 in
1610 1837 1905 1899 Are-laten„
1928 1837 2160 1903 Aquen.,
2183 1838 2442 1890 Viennen.

440 1933 494 1971 et
532 1922 878 1971 Ebredunen.
916 1921 1209 1986 provinciis
1243 1921 1536 1986 inquisitor
1570 1922 1804 1971 heretice
1840 1922 2150 1987 pravitatis,
2189 1923 2444 1988 quatinus

440 2006 542 2056 sibi
587 2007 642 2055 in
688 2023 978 2071 personam
1025 2005 1209 2055 dilecti
1255 2006 1455 2057 notarii
1501 2017 1555 2055 et
1593 2006 1873 2056 familiaris
1907 2008 1989 2058 sui
2023 2007 2267 2056 continui
2306 2025 2444 2057 com-

441 2091 694 2141 mensalis
739 2090 1012 2140 Guillelmi
1055 2090 1192 2153 Pini,
1249 2091 1474 2140 diocesis
1531 2092 2003 2157 Carpentoraten.,
2062 2093 2153 2158 qui
2206 2091 2445 2142 eiusdem

440 2175 777 2241 inquisitoris
813 2175 1086 2240 obsequiis
1122 2192 1215 2240 per
1249 2175 1598 2239 septennium
1633 2176 1840 2226 solicite
1875 2177 2080 2226 institit
2097 2187 2151 2226 et
2178 2195 2361 2227 secum
2393 2176 2446 2226 in

442 2259 754 2309 huiusmodi
802 2259 1175 2324 Inquisitionis
1220 2260 1412 2321 officio,
1456 2261 1743 2326 presertim
1784 2261 1840 2311 in
1862 2262 2445 2328 Ebredunen.provin-

442 2344 540 2407 cia,
571 2362 681 2394 non
711 2343 824 2394 sine
855 2361 946 2393 sue
979 2362 1204 2409 persone
1238 2345 1476 2409 periculo
1514 2346 1813 2410 plurimum
1833 2347 2126 2409 laboravit,
2159 2347 2445 2412 specialem

442 2429 675 2492 gratiam
744 2429 1012 2490 faciendo,
1067 2429 1245 2479 eidem
1294 2429 1581 2479 Guillelmo
1619 2431 1684 2480 de
1715 2430 2043 2482 canonicatu
2089 2433 2216 2482 eccl.
2266 2433 2445 2481 cathe-

441 2513 603 2563 dralis
651 2513 1050 2564 Cavallicen....
1096 2513 1394 2578 dignemini
1434 2514 1789 2579 providere...

514 2597 651 2647 Fiat.
691 2597 750 2648 G.
786 2626 855 2632 —-
891 2598 1029 2647 Item
1064 2599 1211 2663 quod
1245 2609 1494 2649 transeat
1526 2599 1640 2649 sine
1673 2600 1777 2650 alia
1822 2601 2055 2650 lectione
2090 2601 2264 2652 :Fiat.
2288 2600 2348 2651 G.
2382 2627 2447 2635 -

444 2682 650 2732 Datum
685 2682 961 2745 Avinioni‚
996 2684 1116 2734 idus
1164 2683 1365 2745 martii,
1400 2702 1542 2734 anno
1577 2684 1757 2735 tertio.

497 2925 537 2964 1.
571 2924 678 2965 Voir
703 2939 745 2965 n.
774 2925 871 2976 2211,
898 2933 1005 2965 note
1030 2926 1069 2965 2.

1250 3344 1599 3403 —222—

522 3504 822 3554 Guillaume
851 3506 910 3554 de
941 3506 1152 3569 BordeS,
1184 3507 1492 3573 archeveque
1521 3508 1837 3573 d’Embrun,
1858 3509 2051 3559 obtient
2073 3529 2143 3560 un
2175 3509 2441 3559 canonicat

442 3587 574 3635 dans
608 3589 804 3653 l’e'glise
850 3590 1057 3654 cl’Agen
1091 3610 1225 3655 pour
1257 3611 1351 3641 son
1386 3592 1594 3654 vzfcaire,
1647 3593 1784 3643 Jean
1826 3594 2154 3655 Guilhamin‚
2203 3594 2291 3659 qui
2324 3593 2436 3642 s’esl

443 3671 673 3735 employb
713 3692 830 3722 avec
870 3675 967 3723 zele
1006 3678 1036 3724 τὶ
1078 3675 1129 3723 la
1168 3675 1461 3740 repression
1502 3677 1561 3726 de
1601 3678 1833 3727 l'he'resie
1872 3679 2005 3728 dans
2064 3676 2434 3727 l’EmbrunoiS.

444 3780 509 3786 —
542 3755 811 3818 Avignon,
847 3757 876 3805 9
910 3759 1019 3807 mai
1055 3758 1204 3808 1355.
