2540 4354
436 293 540 345 480
826 308 1112 342 suumne
1156 309 1257 341 DE·
1288 291 1704 350 ι’,ικρυιειτιοΝ
1766 307 2086 350 FRANQAISE

424 426 626 479 ordinis
674 444 770 493 pro
818 435 1066 492 tempore
1113 424 1412 482 existentes
1458 426 1681 489 eosdem
1727 424 2078 497 inquisitores
2126 423 2339 491 possint
2383 436 2440 477 et

422 511 664 562 debeant
709 509 1048 559 auctoritate
1095 507 1397 575 apostolica
1451 508 1785 560 constituere
1833 528 1895 560 ac
1939 509 2110 559 etiam
2144 510 2439 575 deputare;

424 595 621 660 quibus
677 594 901 660 quidem
955 593 1217 657 magistro
1269 605 1327 643 et
1378 592 1546 658 priori
1597 613 1660 644 ac
1711 611 1902 644 eorum
1958 591 2179 644 cuilibet
2218 594 2436 659 plenam

421 696 584 744 super
635 680 735 728 hac
786 677 1123 727 auctoritate
1174 677 1420 742 predicta
1472 690 1661 728 tenore
1714 677 2051 742 presentium
2089 676 2437 727 concedimus

417 748 766 817 facultatem.
823 762 944 812 Non
996 762 1419 812 obstantibus...
1477 762 1625 812 Nulli
1671 779 1868 826 ergo...
1923 790 1991 796 ——
2043 761 2250 813 Datum
2306 762 2434 811 Der-

416 858 559 910 tuse,
619 867 693 897 xv
750 847 1013 898 kalendas
1068 845 1271 911 aprilis,
1329 863 1472 897 anno
1528 845 1910 896 decimonono,
1985 845 2324 911 Expeditum
2393 865 2432 897 11

420 932 526 982 kal.
567 930 826 995 octobris,
865 948 1008 982 anno
1053 931 1296 981 XVIIII.
1336 931 1398 982 A.
1439 932 1505 981 de
1545 930 1760 997 Campis
1783 930 1817 982 3.

413 1128 426 1135 Γ
480 1079 521 1120 1.
554 1079 717 1120 Benoit
742 1077 864 1120 XIII
891 1078 1097 1132 chargea,
1123 1078 1163 1119 le
1189 1078 1244 1119 16
1272 1078 1517 1119 novembre
1542 1078 1654 1119 1403
1682 1084 1730 1119 et
1753 1078 1793 1119 le
1819 1078 1844 1118 3
1872 1078 2057 1119 octobre
2074 1076 2435 1133 1408,1’inquisi-

427 1157 528 1191 teur
550 1150 750 1191 Bel-nard
776 1149 916 1203 Pages
941 1150 996 1190 de
1021 1148 1221 1190 conferer
1245 1148 1284 1189 le
1309 1147 1416 1190 titre
1440 1149 1495 1190 de
1519 1149 1708 1189 docteur
1731 1162 1786 1189 en
1810 1148 2032 1202 theologie
2056 1150 2081 1189 a
2096 1149 2296 1191 d'autres
2332 1148 2432 1190 reli-

426 1220 558 1273 gieux
587 1220 649 1261 du
677 1227 875 1261 couvent
902 1220 959 1260 de
1001 1219 1270 1273 Perpignan.
1316 1217 1475 1271 Eubel,
1516 1218 1680 1271 Avign.
1710 1217 1940 1272 Obedienz,
1969 1226 2071 1272 etc„
2100 1234 2143 1260 n.
2174 1220 2273 1272 929,
2301 1220 2428 1261 1162.

478 1291 519 1332 2.
553 1290 663 1332 Voir
686 1289 896 1342 Lorente,
920 1289 1040 1330 Hist.
1068 1289 1247 1344 critique
1271 1289 1322 1330 de
1347 1288 1652 1342 l'Inquisition
1675 1303 1729 1330 en
1752 1290 1977 1343 Espagne,
2003 1297 2037 1330 t.
2065 1303 2096 1343 1,
2122 1304 2167 1344 p.
2193 1290 2264 1343 90,
2290 1303 2334 1332 n.
2360 1303 2423 1333 ιν.

478 1363 520 1404 3.
554 1361 758 1403 Clement
781 1352 830 1402 V'
846 1360 975 1402 avait
999 1360 1139 1401 etabli
1165 1375 1228 1402 un
1252 1359 1523 1414 inquisiteur
1548 1359 1716 1414 special
1740 1374 1855 1415 pour
1878 1360 1921 1402 le
1942 1373 2160 1415 royaume
2185 1362 2241 1402 de
2255 1359 2418 1414 Major-

418 1445 506 1486 que
542 1430 614 1485 (cf.
649 1446 692 1472 n.
744 1430 832 1483 12).
880 1431 1046 1472 Autres
1092 1431 1360 1472 documents
1406 1430 1680 1472 interessant
1710 1429 2018 1485 l’Inquisition
2065 1431 2178 1472 dans
2210 1445 2258 1472 ce
2290 1443 2417 1484 pays,

420 1518 463 1544 n.
492 1503 640 1555 96-97,
665 1501 749 1543 125
779 1501 859 1554 bis,
884 1501 985 1554 127,
1010 1501 1217 1554 197-198,
1243 1501 1349 1551 327;
1379 1499 1711 1554 Introduction,
1736 1515 1780 1555 p.
1797 1514 1997 1554 x11-x111,
2013 1514 2279 1542 xxm—xxx.
2306 1501 2422 1543 Mar-

420 1574 489 1615 tin
509 1573 550 1614 V
571 1586 808 1628 approuva
829 1572 892 1613 les
915 1571 1206 1627 dispositions
1229 1573 1284 1613 de
1305 1571 1349 1613 la
1370 1572 1578 1626 presente
1599 1571 1735 1625 bulle,
1757 1572 1797 1612 le
1819 1572 1873 1612 18
1896 1572 2140 1613 novembre
2155 1572 2281 1613 1420.
2298 1571 2423 1614 Voici

422 1643 462 1685 lc
486 1651 613 1685 texte
635 1644 690 1684 de
713 1657 763 1685 sa
786 1643 920 1684 lettre
947 1642 1129 1696 (Regest.
1158 1641 1317 1696 Vatia,
1341 1650 1375 1683 t.
1403 1655 1620 1694 cccxux,
1643 1641 1720 1683 fol.
1745 1642 1828 1683 110
1854 1641 1919 1695 v0)
1949 1657 1959 1683 z
1994 1657 2012 1679 «
2033 1641 2207 1684 Dilecto
2226 1641 2316 1683 filio
2330 1642 2419 1683 An-

421 1713 545 1755 tonio
577 1711 764 1767 Murta,‘
776 1712 944 1754 ordinis
975 1713 1170 1754 fratrum
1201 1711 1537 1767 predicatorum
1568 1719 1615 1753 et
1645 1726 1767 1753 sacre
1798 1712 2021 1766 theologie
2036 1711 2292 1766 professori,
2305 1712 2422 1754 salu·

418 1793 525 1837 tem,
544 1791 669 1826 etc...
697 1806 756 1813 —
783 1782 1027 1838 Religionis
1053 1783 1213 1824 zelus..
1232 1813 1241 1823 .
1277 1782 1463 1824 Dudum
1489 1781 1714 1836 siquidem
1741 1783 1900 1825 Petrus
1915 1784 1971 1824 de
1997 1782 2140 1835 Luna,
2158 1791 2268 1824 tunc
2282 1783 2419 1825 Bene·
2453 1779 2459 1782 ’

416 1854 720 1911 dictus'FXIII
750 1855 797 1896 in
813 1869 895 1897 sua
926 1854 1200 1907 ohedientia,
1231 1855 1287 1895 de
1316 1868 1406 1908 qua
1422 1861 1575 1908 partes
1590 1852 1663 1894 ille
1694 1861 1804 1895 tunc
1832 1861 1978 1906 erant,
2007 1854 2316 1908 nuncupatus,
2344 1867 2422 1908 per

416 1940 522 1969 suas
547 1926 722 1968 litteras
747 1925 867 1966 inter
891 1932 1040 1967 cetera
1064 1924 1233 1966 statuit
1258 1931 1305 1965 et
1330 1923 1560 1966 ordinavit
1573 1924 1696 1977 quod
1721 1923 1936 1977 magister
1961 1924 2176 1978 generalis
2202 1931 2285 1966 aut
2299 1924 2419 1979 prior

415 1994 703 2050 provincialis
724 1993 954 2050 provincie
967 1993 1191 2047 Aragonie
1214 1992 1381 2036 ordinis
1403 1993 1599 2035 fratrum
1619 1992 1957 2048 predicatorum
1977 1994 2227 2035 secundum
2247 2007 2417 2036 morem
2478 2028 2480 2031 .

411 2066 611 2108 eiusdem
627 2065 794 2108 ordinis
811 2079 893 2120 pro
910 2072 1113 2120 tempore
1131 2063 1374 2107 existentes
1391 2071 1537 2106 unum
1550 2063 1597 2104 in
1612 2077 1748 2117 regno
1766 2063 2082 2106 Maioricarum
2099 2071 2145 2106 et
2161 2063 2314 2106 insulis
2331 2063 2415 2106 sibi

411 2136 625 2178 subiectis
650 2151 702 2178 ac
727 2134 867 2177 alium
889 2135 937 2176 in
962 2134 1204 2178 Rosilionis
1229 2141 1276 2176 et
1299 2133 1544 2176 Cerritanie
1562 2133 1855 2176 comitatibus
1889 2142 2087 2188 possent¹
2112 2141 2160 2175 et
2205 2134 2420 2176 deberent

409 2221 502 2264 pro,
526 2215 730 2262 tempore
764 2206 1052 2261 inquisitores
1086 2205 1282 2247 heretice
1316 2194 1559 2260 pravitatis
1595 2203 1870 2247 constituere
1906 2212 1954 2246 et
1986 2205 2126 2247 etiam
2142 2206 2413 2259 deputare...

410 2278 582 2320 Deinde
600 2292 704 2319 vero
725 2291 830 2319 cum
849 2277 1045 2319 dilectus
1069 2276 1186 2318 filius
1205 2277 1461 2318 Bernardus
1476 2276 1613 2330 Moyl,
1635 2275 1777 2317 frater
1790 2275 1900 2318 dicti
1915 2275 2082 2317 ordinis
2099 2283 2208 2318 tunc
2223 2275 2269 2317 in
2282 2290 2417 2330 regno

408 2357 455 2391 et
480 2349 638 2391 insulis
667 2348 879 2403 predictis
898 2347 1156 2390 huiusmodi
1184 2346 1426 2402 pravitatis
1441 2345 1696 2400 inquisitor,
1712 2346 1858 2388 officio
1876 2345 2186 2400 Inquisitionis
2203 2347 2416 2402 eiusdem,

408 2433 499 2461 non
526 2427 687 2474 potens
717 2419 755 2460 ei
783 2426 952 2460 extunc
978 2417 1025 2459 in
1052 2425 1189 2460 antea
1219 2431 1275 2457 ex
1303 2417 1435 2459 certis
1463 2417 1608 2459 causis
1636 2416 1847 2470 legitimis
1874 2417 2122 2471 intendere,
2143 2416 2189 2457 in
2206 2417 2414 2470 manibus

405 2483 559 2532 dilecti
588 2490 666 2531 filii
694 2489 919 2531 Francisci
946 2488 1113 2542 Pontii,
1138 2487 1300 2543 prioris
1324 2487 1612 2543 provincialis
1638 2487 1759 2529 dicte
1784 2487 2014 2543 provincie
2037 2497 2201 2543 sponte
2216 2496 2263 2529 et
2277 2488 2413 2530 libere

404 2561 624 2614 cessisset,
650 2560 771 2602 idem
797 2558 1059 2601 Franciscus
1085 2556 1235 2613 prior,'
1249 2557 1446 2600 cessione
1461 2558 1719 2600 huiusmodi
1735 2572 1815 2613 per
1828 2573 1932 2600 eum
1944 2566 2126 2613 recepta
2141 2566 2187 2600 et
2202 2558 2412 2611 admissa,

405 2639 451 2672 te
476 2630 522 2671 in
539 2630 853 2685 inquisitorem
869 2629 990 2672 dicte
1007 2643 1134 2684 prav.
1151 2629 1197 2670 in
1212 2643 1348 2684 regno
1367 2636 1414 2671 et
1427 2628 1583 2671 insulis
1600 2629 1822 2671 eisdem...
1844 2629 2136 2672 constituit...
2156 2630 2246 2671 Nos
2262 2628 2415 2683 igitur,

404 2702 493 2743 tuis
517 2701 564 2742 in
585 2703 670 2744 hac
687 2709 817 2756 parte
831 2700 1238 2755 supplicationibus
1252 2699 1472 2753 inclinati,
1489 2699 1865 2742 constitutionem
1892 2707 1939 2741 et
1954 2700 2299 2754 deputationem
2314 2713 2410 2754 pre-

403 2772 550 2814 dictas
573 2780 696 2814 ratas
719 2773 940 2814 habentes
964 2779 1011 2813 et
1032 2778 1200 2825 gratas,
1225 2777 1270 2812 te
1288 2772 1347 2813 ad
1364 2771 1544 2813 maioris
1562 2769 1854 2813 auctoritatis
1871 2771 2098 2813 cautelam
2113 2770 2159 2812 in
2174 2769 2412 2824 inquisito-

408 2857 503 2884 rem
522 2842 780 2884 huiusmodi
800 2842 1043 2898 pravitatis
1062 2842 1110 2882 in
1141 2855 1278 2896 regno
1309 2849 1356 2883 et
1385 2841 1543 2884 insulis
1570 2840 1813 2896 prefatis...
1833 2843 1984 2897 quoad
2013 2841 2178 2883 vixeris
2207 2843 2262 2883 de
2293 2853 2409 2882 novo

406 2912 725 2955 constituimus
760 2921 807 2955 et
841 2912 980 2955 etiam
996 2913 1325 2968 deputamus...
1344 2911 1563 2954 Volumus
1580 2919 1735 2955 autem
1751 2913 1874 2966 quod
1890 2921 2140 2966 antequam
2154 2909 2411 2954 huiusmodi

408 2982 717 3037 Inquisitionis
750 2983 947 3026 officium
979 2981 1168 3037 incipias
1203 2997 1422 3034 exercere,
1457 2983 1512 3024 de
1546 2981 1621 3023 illo
1658 2982 1850 3024 fideliter
1869 2984 2117 3026 exercendo
2136 2981 2182 3023 in
2200 2981 2406 3024 manibus

402 3067 502 3095 ven.
527 3054 580 3095 fr.
607 3053 748 3096 nostri
772 3053 1010 3107 Ludovici,
1036 3053 1107 3107 epi
1131 3053 1431 3107 Magalonen'.,
1458 3052 1779 3094 camerariatus
1797 3053 1993 3094 officium
2016 3055 2071 3095 de
2086 3053 2302 3094 mandato
2333 3065 2407 3092 no-

405 3132 498 3166 stro
531 3123 725 3178 regentis
759 3132 931 3179 prestes
964 3123 1011 3165 in
1044 3123 1190 3165 forma
1224 3123 1358 3166 solita
1391 3122 1752 3165 iuramentum...
1782 3147 1842 3153 —
1890 3124 2062 3166 Datum
2111 3124 2253 3164 Rome
2286 3121 2404 3176 apud

407 3194 450 3236 S.
481 3195 678 3248 Petrum,
704 3209 815 3236 xuu
840 3195 929 3236 kal.
956 3193 1220 3249 decembris,
1245 3192 1543 3248 pontificatus
1568 3195 1710 3236 nostri
1727 3208 1846 3236 anno
1865 3194 2016 3236 tercio.
2045 3209 2064 3232 »
