<?xml version="1.0" encoding="UTF-8"?>
<!DOCTYPE html PUBLIC "-//W3C//DTD XHTML 1.0 Transitional//EN"
    "http://www.w3.org/TR/xhtml1/DTD/xhtml1-transitional.dtd">
<html xmlns="http://www.w3.org/1999/xhtml" xml:lang="en" lang="en">
 <head>
  <title>
</title>
<meta http-equiv="Content-Type" content="text/html;charset=utf-8" />
  <meta name='ocr-system' content='tesseract 3.04.00' />
  <meta name='ocr-capabilities' content='ocr_page ocr_carea ocr_par ocr_line ocrx_word'/>
</head>
<body>
  <div class='ocr_page' id='page_1' title='image "./bullairedelinqui00cathuoft/bullairedelinqui00cathuoft_0502.png"; bbox 0 0 2540 4354; ppageno 0'>
   <div class='ocr_carea' id='block_1_1' title="bbox 421 354 2041 426">
    <p class='ocr_par' dir='ltr' id='par_1_1' title="bbox 421 354 2041 426">
     <span class='ocr_line' id='line_1_1' title="bbox 421 354 2041 426; baseline 0.004 -18"><span class='ocrx_word' id='word_1_1' title='bbox 421 354 524 408; x_wconf 86' lang='grc'>408</span> <span class='ocrx_word' id='word_1_2' title='bbox 830 379 1115 411; x_wconf 79' lang='lat' dir='ltr'>BULLAIRE</span> <span class='ocrx_word' id='word_1_3' title='bbox 1156 381 1227 412; x_wconf 81' lang='lat' dir='ltr'>DE</span> <span class='ocrx_word' id='word_1_4' title='bbox 1275 362 1687 421; x_wconf 71' lang='grc' dir='ltr'>ιἰΝρυιειτιοΝ</span> <span class='ocrx_word' id='word_1_5' title='bbox 1724 383 2041 426; x_wconf 68' lang='lat' dir='ltr'>FRANcAlsE</span> 
     </span>
    </p>
   </div>
   <div class='ocr_carea' id='block_1_2' title="bbox 433 494 2434 622">
    <p class='ocr_par' dir='ltr' id='par_1_2' title="bbox 433 494 2434 622">
     <span class='ocr_line' id='line_1_2' title="bbox 434 494 2434 556; baseline 0.005 -22"><span class='ocrx_word' id='word_1_6' title='bbox 434 494 494 534; x_wconf 94' lang='lat' dir='ltr'>Le</span> <span class='ocrx_word' id='word_1_7' title='bbox 516 496 541 535; x_wconf 87' lang='lat'>6</span> <span class='ocrx_word' id='word_1_8' title='bbox 563 494 661 547; x_wconf 83' lang='lat' dir='ltr'>juin</span> <span class='ocrx_word' id='word_1_9' title='bbox 682 495 881 548; x_wconf 77' lang='lat' dir='ltr'>suivant,</span> <span class='ocrx_word' id='word_1_10' title='bbox 903 496 1056 537; x_wconf 84' lang='lat' dir='ltr'>Borrel</span> <span class='ocrx_word' id='word_1_11' title='bbox 1077 496 1218 547; x_wconf 76' lang='lat' dir='ltr'>recoit</span> <span class='ocrx_word' id='word_1_12' title='bbox 1238 497 1278 538; x_wconf 89' lang='lat' dir='ltr'>le</span> <span class='ocrx_word' id='word_1_13' title='bbox 1298 499 1490 538; x_wconf 85' lang='lat' dir='ltr'>mandat</span> <span class='ocrx_word' id='word_1_14' title='bbox 1511 500 1566 539; x_wconf 90' lang='lat' dir='ltr'>de</span> <span class='ocrx_word' id='word_1_15' title='bbox 1588 500 1788 540; x_wconf 72' lang='lat' dir='ltr'>conferet</span> <span class='ocrx_word' id='word_1_16' title='bbox 1809 500 1851 540; x_wconf 90' lang='lat' dir='ltr'>la</span> <span class='ocrx_word' id='word_1_17' title='bbox 1873 502 2072 542; x_wconf 71' lang='lat' dir='ltr'>maitrise</span> <span class='ocrx_word' id='word_1_18' title='bbox 2119 517 2174 543; x_wconf 90' lang='lat' dir='ltr'>en</span> <span class='ocrx_word' id='word_1_19' title='bbox 2213 502 2434 556; x_wconf 78' lang='lat' dir='ltr'>theologie</span> 
     </span>
     <span class='ocr_line' id='line_1_3' title="bbox 433 564 1914 622; baseline 0.005 -18"><span class='ocrx_word' id='word_1_20' title='bbox 433 565 457 606; x_wconf 76' lang='lat' dir='ltr'>a</span> <span class='ocrx_word' id='word_1_21' title='bbox 481 564 678 608; x_wconf 84' lang='lat' dir='ltr'>Antoine</span> <span class='ocrx_word' id='word_1_22' title='bbox 699 566 867 620; x_wconf 87' lang='lat' dir='ltr'>Barles,</span> <span class='ocrx_word' id='word_1_23' title='bbox 891 566 1004 610; x_wconf 75' lang='lat' dir='ltr'>frere</span> <span class='ocrx_word' id='word_1_24' title='bbox 1026 566 1214 609; x_wconf 87' lang='lat' dir='ltr'>mineur.</span> <span class='ocrx_word' id='word_1_25' title='bbox 1242 567 1400 620; x_wconf 88' lang='lat' dir='ltr'>Eubel,</span> <span class='ocrx_word' id='word_1_26' title='bbox 1422 569 1558 622; x_wconf 61' lang='lat' dir='ltr'>Ball„</span> <span class='ocrx_word' id='word_1_27' title='bbox 1584 576 1616 610; x_wconf 86' lang='lat' dir='ltr'>t.</span> <span class='ocrx_word' id='word_1_28' title='bbox 1642 583 1724 622; x_wconf 90' lang='lat' dir='ltr'>v11,</span> <span class='ocrx_word' id='word_1_29' title='bbox 1749 585 1792 611; x_wconf 88' lang='lat' dir='ltr'>n.</span> <span class='ocrx_word' id='word_1_30' title='bbox 1817 571 1914 614; x_wconf 84' lang='lat'>884.</span> 
     </span>
    </p>
   </div>
   <div class='ocr_carea' id='block_1_3' title="bbox 1283 1002 1634 1061">
    <p class='ocr_par' dir='ltr' id='par_1_3' title="bbox 1283 1002 1634 1061">
     <span class='ocr_line' id='line_1_4' title="bbox 1283 1002 1634 1061; baseline 0.003 -1"><span class='ocrx_word' id='word_1_31' title='bbox 1283 1002 1634 1061; x_wconf 84' lang='lat'>-287—</span> 
     </span>
    </p>
   </div>
   <div class='ocr_carea' id='block_1_4' title="bbox 378 1159 2448 1569">
    <p class='ocr_par' dir='ltr' id='par_1_4' title="bbox 378 1159 2448 1569">
     <span class='ocr_line' id='line_1_5' title="bbox 524 1159 2446 1232; baseline 0.002 -19"><span class='ocrx_word' id='word_1_32' title='bbox 524 1162 768 1228; x_wconf 66' lang='lat' dir='ltr'>Gregoire</span> <span class='ocrx_word' id='word_1_33' title='bbox 796 1159 890 1214; x_wconf 77' lang='lat' dir='ltr'>&#39;XI</span> <span class='ocrx_word' id='word_1_34' title='bbox 926 1183 979 1213; x_wconf 82' lang='lat' dir='ltr'>se</span> <span class='ocrx_word' id='word_1_35' title='bbox 1012 1164 1187 1229; x_wconf 80' lang='lat' dir='ltr'>plaint</span> <span class='ocrx_word' id='word_1_36' title='bbox 1221 1182 1292 1213; x_wconf 78' lang='grc' dir='ltr'>αα</span> <span class='ocrx_word' id='word_1_37' title='bbox 1327 1164 1404 1214; x_wconf 82' lang='grc' dir='ltr'>νοί</span> <span class='ocrx_word' id='word_1_38' title='bbox 1440 1165 1500 1214; x_wconf 85' lang='lat' dir='ltr'>de</span> <span class='ocrx_word' id='word_1_39' title='bbox 1535 1167 1739 1215; x_wconf 82' lang='lat' dir='ltr'>Fra-nce</span> <span class='ocrx_word' id='word_1_40' title='bbox 1772 1167 1832 1216; x_wconf 85' lang='lat' dir='ltr'>de</span> <span class='ocrx_word' id='word_1_41' title='bbox 1865 1185 1918 1216; x_wconf 84' lang='lat' dir='ltr'>ce</span> <span class='ocrx_word' id='word_1_42' title='bbox 1951 1186 2046 1232; x_wconf 82' lang='lat' dir='ltr'>que</span> <span class='ocrx_word' id='word_1_43' title='bbox 2080 1167 2303 1217; x_wconf 77' lang='lat' dir='ltr'>certains</span> <span class='ocrx_word' id='word_1_44' title='bbox 2351 1168 2446 1217; x_wconf 77' lang='lat' dir='ltr'>sei-</span> 
     </span>
     <span class='ocr_line' id='line_1_6' title="bbox 445 1247 2448 1317; baseline 0.002 -19"><span class='ocrx_word' id='word_1_45' title='bbox 445 1267 633 1313; x_wconf 62' lang='lat' dir='ltr'>gneur-5²</span> <span class='ocrx_word' id='word_1_46' title='bbox 673 1247 745 1297; x_wconf 83' lang='lat' dir='ltr'>du</span> <span class='ocrx_word' id='word_1_47' title='bbox 780 1247 1071 1313; x_wconf 78' lang='lat' dir='ltr'>Dauphine&#39;</span> <span class='ocrx_word' id='word_1_48' title='bbox 1108 1259 1152 1298; x_wconf 82' lang='lat' dir='ltr'>et</span> <span class='ocrx_word' id='word_1_49' title='bbox 1191 1249 1235 1298; x_wconf 85' lang='lat' dir='ltr'>le</span> <span class='ocrx_word' id='word_1_50' title='bbox 1276 1268 1597 1313; x_wconf 68' lang='lat' dir='ltr'>gouvcrneur</span> <span class='ocrx_word' id='word_1_51' title='bbox 1636 1251 1782 1315; x_wconf 80' lang='lat' dir='ltr'>royal</span> <span class='ocrx_word' id='word_1_52' title='bbox 1835 1250 2102 1301; x_wconf 61' lang='lat' dir='ltr'>lui-meme</span> <span class='ocrx_word' id='word_1_53' title='bbox 2155 1253 2448 1317; x_wconf 60' lang='lat' dir='ltr'>empechent</span> 
     </span>
     <span class='ocr_line' id='line_1_7' title="bbox 378 1331 2447 1400; baseline 0.002 -17"><span class='ocrx_word' id='word_1_54' title='bbox 378 1349 380 1356; x_wconf 48' lang='lat'>⁸</span> <span class='ocrx_word' id='word_1_55' title='bbox 446 1331 807 1397; x_wconf 79' lang='lat' dir='ltr'>l’inquisitew·</span> <span class='ocrx_word' id='word_1_56' title='bbox 836 1333 896 1383; x_wconf 84' lang='lat' dir='ltr'>de</span> <span class='ocrx_word' id='word_1_57' title='bbox 927 1333 980 1382; x_wconf 83' lang='lat' dir='ltr'>la</span> <span class='ocrx_word' id='word_1_58' title='bbox 1010 1332 1084 1398; x_wconf 73' lang='lat' dir='ltr'>foi</span> <span class='ocrx_word' id='word_1_59' title='bbox 1116 1333 1177 1383; x_wconf 83' lang='lat' dir='ltr'>de</span> <span class='ocrx_word' id='word_1_60' title='bbox 1207 1333 1518 1399; x_wconf 69' lang='lat' dir='ltr'>poursuivre</span> <span class='ocrx_word' id='word_1_61' title='bbox 1549 1335 1619 1384; x_wconf 81' lang='lat' dir='ltr'>les</span> <span class='ocrx_word' id='word_1_62' title='bbox 1652 1334 1933 1400; x_wconf 77' lang='lat' dir='ltr'>he&#39;re&#39;tiques</span> <span class='ocrx_word' id='word_1_63' title='bbox 1980 1336 2040 1386; x_wconf 86' lang='lat' dir='ltr'>de</span> <span class='ocrx_word' id='word_1_64' title='bbox 2085 1355 2162 1386; x_wconf 83' lang='lat' dir='ltr'>ces</span> <span class='ocrx_word' id='word_1_65' title='bbox 2209 1340 2447 1390; x_wconf 78' lang='lat' dir='ltr'>contre&#39;es.</span> 
     </span>
     <span class='ocr_line' id='line_1_8' title="bbox 444 1415 2448 1486; baseline 0.002 -19"><span class='ocrx_word' id='word_1_66' title='bbox 444 1417 494 1467; x_wconf 85' lang='lat' dir='ltr'>Il</span> <span class='ocrx_word' id='word_1_67' title='bbox 512 1416 800 1468; x_wconf 70' lang='lat' dir='ltr'>l’exhorted</span> <span class='ocrx_word' id='word_1_68' title='bbox 832 1415 966 1480; x_wconf 72' lang='lat' dir='ltr'>faire</span> <span class='ocrx_word' id='word_1_69' title='bbox 997 1435 1159 1466; x_wconf 69' lang='lat' dir='ltr'>ces-ser</span> <span class='ocrx_word' id='word_1_70' title='bbox 1190 1436 1268 1467; x_wconf 80' lang='lat' dir='ltr'>ces</span> <span class='ocrx_word' id='word_1_71' title='bbox 1301 1418 1434 1467; x_wconf 80' lang='lat' dir='ltr'>abus</span> <span class='ocrx_word' id='word_1_72' title='bbox 1467 1428 1511 1467; x_wconf 77' lang='lat' dir='ltr'>et</span> <span class='ocrx_word' id='word_1_73' title='bbox 1542 1417 1621 1468; x_wconf 82' lang='lat' dir='ltr'>lui</span> <span class='ocrx_word' id='word_1_74' title='bbox 1652 1436 1889 1469; x_wconf 84' lang='lat' dir='ltr'>annonce</span> <span class='ocrx_word' id='word_1_75' title='bbox 1921 1420 1973 1469; x_wconf 90' lang='lat' dir='ltr'>la</span> <span class='ocrx_word' id='word_1_76' title='bbox 2007 1419 2228 1470; x_wconf 79' lang='lat' dir='ltr'>mission</span> <span class='ocrx_word' id='word_1_77' title='bbox 2258 1421 2448 1486; x_wconf 65' lang='lat' dir='ltr'>confice</span> 
     </span>
     <span class='ocr_line' id='line_1_9' title="bbox 442 1500 2404 1569; baseline 0.002 -17"><span class='ocrx_word' id='word_1_78' title='bbox 442 1504 474 1552; x_wconf 82' lang='grc' dir='ltr'><em>ὰ</em></span> <span class='ocrx_word' id='word_1_79' title='bbox 504 1500 728 1566; x_wconf 51' lang='lat' dir='ltr'>¹l&#39;e&#39;chue</span> <span class='ocrx_word' id='word_1_80' title='bbox 759 1500 820 1551; x_wconf 84' lang='lat' dir='ltr'>de</span> <span class='ocrx_word' id='word_1_81' title='bbox 854 1502 1029 1552; x_wconf 77' lang='lat' dir='ltr'>Paris.</span> <span class='ocrx_word' id='word_1_82' title='bbox 1074 1501 1200 1551; x_wconf 83' lang='lat' dir='ltr'>Voir</span> <span class='ocrx_word' id='word_1_83' title='bbox 1232 1501 1535 1553; x_wconf 76' lang='lat' dir='ltr'>ci·clessous.</span> <span class='ocrx_word' id='word_1_84' title='bbox 1585 1530 1654 1538; x_wconf 91' lang='lat'>--</span> <span class='ocrx_word' id='word_1_85' title='bbox 1701 1502 1971 1569; x_wconf 88' lang='lat' dir='ltr'>Avignon,</span> <span class='ocrx_word' id='word_1_86' title='bbox 2022 1505 2050 1555; x_wconf 91' lang='lat'><strong>7</strong></span> <span class='ocrx_word' id='word_1_87' title='bbox 2098 1505 2207 1554; x_wconf 88' lang='lat' dir='ltr'>mai</span> <span class='ocrx_word' id='word_1_88' title='bbox 2257 1505 2404 1556; x_wconf 88' lang='lat'>1375.</span> 
     </span>
    </p>
   </div>
   <div class='ocr_carea' id='block_1_5' title="bbox 746 1633 2482 1760">
    <p class='ocr_par' dir='ltr' id='par_1_5' title="bbox 746 1633 2482 1760">
     <span class='ocr_line' id='line_1_10' title="bbox 796 1633 2482 1691; baseline 0.003 -17"><span class='ocrx_word' id='word_1_89' title='bbox 796 1634 902 1687; x_wconf 82' lang='lat' dir='ltr'>Reg.</span> <span class='ocrx_word' id='word_1_90' title='bbox 933 1634 1049 1687; x_wconf 68' lang='lat' dir='ltr'>Vat„</span> <span class='ocrx_word' id='word_1_91' title='bbox 1076 1643 1109 1676; x_wconf 84' lang='lat' dir='ltr'>t.</span> <span class='ocrx_word' id='word_1_92' title='bbox 1139 1649 1327 1689; x_wconf 80' lang='lat' dir='ltr'>CCLxxl,</span> <span class='ocrx_word' id='word_1_93' title='bbox 1353 1635 1430 1677; x_wconf 81' lang='lat' dir='ltr'>fol.</span> <span class='ocrx_word' id='word_1_94' title='bbox 1458 1636 1511 1677; x_wconf 86' lang='lat'>29</span> <span class='ocrx_word' id='word_1_95' title='bbox 1540 1640 1611 1685; x_wconf 83' lang='lat' dir='ltr'>v⁰3</span> <span class='ocrx_word' id='word_1_96' title='bbox 1637 1636 1879 1690; x_wconf 83' lang='lat' dir='ltr'>Wadding,</span> <span class='ocrx_word' id='word_1_97' title='bbox 1906 1633 2089 1691; x_wconf 57' lang='lat' dir='ltr'>Annalss,</span> <span class='ocrx_word' id='word_1_98' title='bbox 2116 1639 2173 1680; x_wconf 88' lang='lat' dir='ltr'>ad</span> <span class='ocrx_word' id='word_1_99' title='bbox 2200 1653 2303 1679; x_wconf 89' lang='lat' dir='ltr'>ann.</span> <span class='ocrx_word' id='word_1_100' title='bbox 2322 1633 2482 1691; x_wconf 39' lang='grc' dir='ltr'>1375)Δ</span> 
     </span>
     <span class='ocr_line' id='line_1_11' title="bbox 746 1706 1112 1760; baseline -0.003 -12"><span class='ocrx_word' id='word_1_101' title='bbox 746 1722 789 1748; x_wconf 90' lang='lat' dir='ltr'>n.</span> <span class='ocrx_word' id='word_1_102' title='bbox 815 1720 884 1748; x_wconf 90' lang='lat' dir='ltr'>x11</span> <span class='ocrx_word' id='word_1_103' title='bbox 913 1706 977 1760; x_wconf 87' lang='grc' dir='ltr'>(ἰη</span> <span class='ocrx_word' id='word_1_104' title='bbox 999 1706 1112 1760; x_wconf 58' lang='lat' dir='ltr'>ext).</span> 
     </span>
    </p>
   </div>
   <div class='ocr_carea' id='block_1_6' title="bbox 447 1825 2489 3673">
    <p class='ocr_par' dir='ltr' id='par_1_6' title="bbox 447 1825 2489 3673">
     <span class='ocr_line' id='line_1_12' title="bbox 517 1825 2449 1892; baseline -0.001 -11"><span class='ocrx_word' id='word_1_105' title='bbox 517 1830 807 1881; x_wconf 79' lang='lat' dir='ltr'>Carissimo</span> <span class='ocrx_word' id='word_1_106' title='bbox 836 1828 890 1879; x_wconf 91' lang='lat' dir='ltr'>in</span> <span class='ocrx_word' id='word_1_107' title='bbox 922 1827 1135 1878; x_wconf 86' lang='lat' dir='ltr'>Christo</span> <span class='ocrx_word' id='word_1_108' title='bbox 1169 1826 1279 1877; x_wconf 83' lang='lat' dir='ltr'>filio</span> <span class='ocrx_word' id='word_1_109' title='bbox 1310 1825 1519 1888; x_wconf 90' lang='lat' dir='ltr'>Carolo,</span> <span class='ocrx_word' id='word_1_110' title='bbox 1549 1827 1662 1892; x_wconf 89' lang='lat' dir='ltr'>regi</span> <span class='ocrx_word' id='word_1_111' title='bbox 1693 1828 1916 1879; x_wconf 87' lang='lat' dir='ltr'>Francie</span> <span class='ocrx_word' id='word_1_112' title='bbox 1946 1828 2162 1891; x_wconf 79' lang='lat' dir='ltr'>illustri,</span> <span class='ocrx_word' id='word_1_113' title='bbox 2198 1830 2449 1891; x_wconf 89' lang='lat' dir='ltr'>salutem,</span> 
     </span>
     <span class='ocr_line' id='line_1_13' title="bbox 447 1911 2454 1967; baseline -0.002 0"><span class='ocrx_word' id='word_1_114' title='bbox 447 1927 553 1967; x_wconf 89' lang='lat' dir='ltr'>etc.</span> <span class='ocrx_word' id='word_1_115' title='bbox 582 1944 651 1951; x_wconf 90' lang='grc'>--</span> <span class='ocrx_word' id='word_1_116' title='bbox 679 1915 835 1965; x_wconf 91' lang='lat' dir='ltr'>Zelus</span> <span class='ocrx_word' id='word_1_117' title='bbox 864 1912 1128 1964; x_wconf 77' lang='lat' dir='ltr'>catholice</span> <span class='ocrx_word' id='word_1_118' title='bbox 1161 1911 1289 1962; x_wconf 89' lang='lat' dir='ltr'>fidei</span> <span class='ocrx_word' id='word_1_119' title='bbox 1315 1922 1370 1961; x_wconf 91' lang='lat' dir='ltr'>et</span> <span class='ocrx_word' id='word_1_120' title='bbox 1411 1912 1494 1962; x_wconf 92' lang='lat' dir='ltr'>tui</span> <span class='ocrx_word' id='word_1_121' title='bbox 1523 1911 1741 1963; x_wconf 88' lang='lat' dir='ltr'>honoris</span> <span class='ocrx_word' id='word_1_122' title='bbox 1783 1922 1839 1962; x_wconf 87' lang='lat' dir='ltr'>et</span> <span class='ocrx_word' id='word_1_123' title='bbox 1883 1913 2063 1962; x_wconf 86' lang='lat' dir='ltr'>meriti</span> <span class='ocrx_word' id='word_1_124' title='bbox 2103 1932 2202 1964; x_wconf 92' lang='lat' dir='ltr'>nos</span> <span class='ocrx_word' id='word_1_125' title='bbox 2245 1913 2454 1964; x_wconf 85' lang='lat' dir='ltr'>inducit</span> 
     </span>
     <span class='ocr_line' id='line_1_14' title="bbox 448 1995 2458 2067; baseline -0.001 -16"><span class='ocrx_word' id='word_1_126' title='bbox 448 2012 510 2051; x_wconf 88' lang='lat' dir='ltr'>ut</span> <span class='ocrx_word' id='word_1_127' title='bbox 540 2018 636 2067; x_wconf 90' lang='lat' dir='ltr'>pro</span> <span class='ocrx_word' id='word_1_128' title='bbox 668 1997 980 2050; x_wconf 81' lang='lat' dir='ltr'>defensione</span> <span class='ocrx_word' id='word_1_129' title='bbox 1012 1996 1156 2046; x_wconf 90' lang='lat' dir='ltr'>dicte</span> <span class='ocrx_word' id='word_1_130' title='bbox 1190 1996 1334 2058; x_wconf 90' lang='lat' dir='ltr'>fidei,</span> <span class='ocrx_word' id='word_1_131' title='bbox 1366 1995 1653 2062; x_wconf 80' lang='lat' dir='ltr'>presertim</span> <span class='ocrx_word' id='word_1_132' title='bbox 1682 1997 1738 2047; x_wconf 94' lang='lat' dir='ltr'>in</span> <span class='ocrx_word' id='word_1_133' title='bbox 1768 1996 1877 2047; x_wconf 91' lang='lat' dir='ltr'>tuis</span> <span class='ocrx_word' id='word_1_134' title='bbox 1909 1997 2180 2063; x_wconf 87' lang='lat' dir='ltr'>partibus,</span> <span class='ocrx_word' id='word_1_135' title='bbox 2213 1997 2458 2048; x_wconf 89' lang='lat' dir='ltr'>devotio-</span> 
     </span>
     <span class='ocr_line' id='line_1_15' title="bbox 447 2080 2457 2147; baseline -0.002 -11"><span class='ocrx_word' id='word_1_136' title='bbox 447 2103 572 2136; x_wconf 91' lang='lat' dir='ltr'>nem</span> <span class='ocrx_word' id='word_1_137' title='bbox 609 2082 927 2134; x_wconf 84' lang='lat' dir='ltr'>excellentie</span> <span class='ocrx_word' id='word_1_138' title='bbox 963 2080 1104 2146; x_wconf 85' lang='lat' dir='ltr'>regie</span> <span class='ocrx_word' id='word_1_139' title='bbox 1146 2080 1474 2131; x_wconf 87' lang='lat' dir='ltr'>fiducialiter</span> <span class='ocrx_word' id='word_1_140' title='bbox 1508 2081 1867 2147; x_wconf 85' lang='lat' dir='ltr'>requiramus.</span> <span class='ocrx_word' id='word_1_141' title='bbox 1925 2083 2102 2146; x_wconf 84' lang='lat' dir='ltr'>Quare</span> <span class='ocrx_word' id='word_1_142' title='bbox 2155 2101 2222 2132; x_wconf 89' lang='lat' dir='ltr'>cx</span> <span class='ocrx_word' id='word_1_143' title='bbox 2273 2081 2457 2132; x_wconf 90' lang='lat' dir='ltr'>dilecti</span> 
     </span>
     <span class='ocr_line' id='line_1_16' title="bbox 454 2165 2453 2234; baseline -0.002 -14"><span class='ocrx_word' id='word_1_144' title='bbox 454 2170 586 2221; x_wconf 89' lang='lat' dir='ltr'>filii..</span> <span class='ocrx_word' id='word_1_145' title='bbox 610 2166 945 2234; x_wconf 88' lang='lat' dir='ltr'>inquisitoris</span> <span class='ocrx_word' id='word_1_146' title='bbox 969 2165 1203 2217; x_wconf 82' lang='lat' dir='ltr'>heretice</span> <span class='ocrx_word' id='word_1_147' title='bbox 1225 2165 1517 2232; x_wconf 85' lang='lat' dir='ltr'>pravitatis</span> <span class='ocrx_word' id='word_1_148' title='bbox 1541 2165 1783 2232; x_wconf 89' lang='lat' dir='ltr'>partium</span> <span class='ocrx_word' id='word_1_149' title='bbox 1809 2165 2172 2232; x_wconf 88' lang='lat' dir='ltr'>Delphinatus</span> <span class='ocrx_word' id='word_1_150' title='bbox 2195 2166 2453 2216; x_wconf 89' lang='lat' dir='ltr'>Viennen.</span> 
     </span>
     <span class='ocr_line' id='line_1_17' title="bbox 450 2249 2456 2320; baseline -0.002 -16"><span class='ocrx_word' id='word_1_151' title='bbox 450 2252 791 2320; x_wconf 84' lang='lat' dir='ltr'>expositione</span> <span class='ocrx_word' id='word_1_152' title='bbox 855 2250 1162 2312; x_wconf 91' lang='lat' dir='ltr'>didicimus,</span> <span class='ocrx_word' id='word_1_153' title='bbox 1215 2250 1360 2315; x_wconf 89' lang='lat' dir='ltr'>quod</span> <span class='ocrx_word' id='word_1_154' title='bbox 1424 2249 1479 2299; x_wconf 89' lang='lat' dir='ltr'>in</span> <span class='ocrx_word' id='word_1_155' title='bbox 1544 2249 1704 2300; x_wconf 89' lang='lat' dir='ltr'>dictis</span> <span class='ocrx_word' id='word_1_156' title='bbox 1770 2250 2019 2316; x_wconf 89' lang='lat' dir='ltr'>partibus</span> <span class='ocrx_word' id='word_1_157' title='bbox 2098 2250 2456 2300; x_wconf 85' lang='lat' dir='ltr'>hereticorum</span> 
     </span>
     <span class='ocr_line' id='line_1_18' title="bbox 453 2334 2456 2403; baseline -0.002 -14"><span class='ocrx_word' id='word_1_158' title='bbox 453 2338 751 2389; x_wconf 89' lang='lat' dir='ltr'>multitudo</span> <span class='ocrx_word' id='word_1_159' title='bbox 778 2336 995 2403; x_wconf 87' lang='lat' dir='ltr'>copiosa</span> <span class='ocrx_word' id='word_1_160' title='bbox 1021 2335 1289 2396; x_wconf 86' lang='lat' dir='ltr'>consistit,</span> <span class='ocrx_word' id='word_1_161' title='bbox 1316 2352 1451 2400; x_wconf 91' lang='lat' dir='ltr'>quos</span> <span class='ocrx_word' id='word_1_162' title='bbox 1475 2334 1725 2385; x_wconf 91' lang='lat' dir='ltr'>nonnulli</span> <span class='ocrx_word' id='word_1_163' title='bbox 1748 2335 1955 2386; x_wconf 89' lang='lat' dir='ltr'>nobiles</span> <span class='ocrx_word' id='word_1_164' title='bbox 1981 2335 2223 2401; x_wconf 90' lang='lat' dir='ltr'>partium</span> <span class='ocrx_word' id='word_1_165' title='bbox 2247 2353 2456 2386; x_wconf 89' lang='lat' dir='ltr'>earum-</span> 
     </span>
     <span class='ocr_line' id='line_1_19' title="bbox 453 2419 2458 2490; baseline -0.003 -16"><span class='ocrx_word' id='word_1_166' title='bbox 453 2425 596 2486; x_wconf 91' lang='lat' dir='ltr'>dem,</span> <span class='ocrx_word' id='word_1_167' title='bbox 638 2421 946 2490; x_wconf 89' lang='lat' dir='ltr'>postposito</span> <span class='ocrx_word' id='word_1_168' title='bbox 992 2419 1092 2471; x_wconf 90' lang='lat' dir='ltr'>Dei</span> <span class='ocrx_word' id='word_1_169' title='bbox 1130 2419 1638 2481; x_wconf 85' lang='lat' dir='ltr'>timore,foventes,</span> <span class='ocrx_word' id='word_1_170' title='bbox 1681 2438 1791 2470; x_wconf 92' lang='lat' dir='ltr'>non</span> <span class='ocrx_word' id='word_1_171' title='bbox 1833 2419 2167 2485; x_wconf 87' lang='lat' dir='ltr'>permittunt</span> <span class='ocrx_word' id='word_1_172' title='bbox 2208 2420 2458 2470; x_wconf 90' lang='lat' dir='ltr'>eumdem</span> 
     </span>
     <span class='ocr_line' id='line_1_20' title="bbox 454 2502 2460 2574; baseline -0.003 -15"><span class='ocrx_word' id='word_1_173' title='bbox 454 2507 833 2574; x_wconf 88' lang='lat' dir='ltr'>inquisitorem</span> <span class='ocrx_word' id='word_1_174' title='bbox 868 2506 1156 2572; x_wconf 86' lang='lat' dir='ltr'>procedere</span> <span class='ocrx_word' id='word_1_175' title='bbox 1190 2515 1379 2555; x_wconf 89' lang='lat' dir='ltr'>contra</span> <span class='ocrx_word' id='word_1_176' title='bbox 1413 2503 1558 2565; x_wconf 87' lang='lat' dir='ltr'>illos;</span> <span class='ocrx_word' id='word_1_177' title='bbox 1591 2515 1646 2554; x_wconf 92' lang='lat' dir='ltr'>et</span> <span class='ocrx_word' id='word_1_178' title='bbox 1681 2505 1826 2570; x_wconf 90' lang='lat' dir='ltr'>quod</span> <span class='ocrx_word' id='word_1_179' title='bbox 1862 2504 2091 2554; x_wconf 90' lang='lat' dir='ltr'>dilectus</span> <span class='ocrx_word' id='word_1_180' title='bbox 2131 2504 2269 2554; x_wconf 88' lang='lat' dir='ltr'>filius</span> <span class='ocrx_word' id='word_1_181' title='bbox 2304 2502 2460 2553; x_wconf 88' lang='lat' dir='ltr'>nobi-</span> 
     </span>
     <span class='ocr_line' id='line_1_21' title="bbox 457 2588 2460 2657; baseline -0.004 -13"><span class='ocrx_word' id='word_1_182' title='bbox 457 2594 520 2644; x_wconf 92' lang='lat' dir='ltr'>lis</span> <span class='ocrx_word' id='word_1_183' title='bbox 553 2592 637 2643; x_wconf 91' lang='lat' dir='ltr'>vir</span> <span class='ocrx_word' id='word_1_184' title='bbox 669 2631 700 2643; x_wconf 89' lang='lat'>..</span> <span class='ocrx_word' id='word_1_185' title='bbox 736 2592 1069 2657; x_wconf 87' lang='lat' dir='ltr'>gubernator</span> <span class='ocrx_word' id='word_1_186' title='bbox 1102 2589 1468 2656; x_wconf 90' lang='lat' dir='ltr'>Delphinatus</span> <span class='ocrx_word' id='word_1_187' title='bbox 1501 2588 1743 2639; x_wconf 90' lang='lat' dir='ltr'>eiusdem</span> <span class='ocrx_word' id='word_1_188' title='bbox 1778 2600 1967 2639; x_wconf 89' lang='lat' dir='ltr'>contra</span> <span class='ocrx_word' id='word_1_189' title='bbox 2014 2591 2149 2640; x_wconf 89' lang='lat' dir='ltr'>tales</span> <span class='ocrx_word' id='word_1_190' title='bbox 2183 2590 2246 2639; x_wconf 90' lang='lat' dir='ltr'>de</span> <span class='ocrx_word' id='word_1_191' title='bbox 2281 2588 2460 2639; x_wconf 87' lang='lat' dir='ltr'>favore</span> 
     </span>
     <span class='ocr_line' id='line_1_22' title="bbox 457 2673 2464 2742; baseline -0.003 -14"><span class='ocrx_word' id='word_1_192' title='bbox 457 2677 540 2728; x_wconf 91' lang='lat' dir='ltr'>sui</span> <span class='ocrx_word' id='word_1_193' title='bbox 577 2675 737 2727; x_wconf 85' lang='lat' dir='ltr'>officii</span> <span class='ocrx_word' id='word_1_194' title='bbox 770 2675 1084 2742; x_wconf 88' lang='lat' dir='ltr'>requisitus,</span> <span class='ocrx_word' id='word_1_195' title='bbox 1121 2673 1274 2724; x_wconf 93' lang='lat' dir='ltr'>illum</span> <span class='ocrx_word' id='word_1_196' title='bbox 1309 2673 1624 2740; x_wconf 89' lang='lat' dir='ltr'>impendere</span> <span class='ocrx_word' id='word_1_197' title='bbox 1675 2673 2012 2738; x_wconf 82' lang='lat' dir='ltr'>negligenter</span> <span class='ocrx_word' id='word_1_198' title='bbox 2061 2673 2295 2735; x_wconf 86' lang='lat' dir='ltr'>emittit3</span> <span class='ocrx_word' id='word_1_199' title='bbox 2347 2690 2464 2738; x_wconf 88' lang='lat' dir='ltr'>pro-</span> 
     </span>
     <span class='ocr_line' id='line_1_23' title="bbox 460 2757 2462 2830; baseline -0.003 -17"><span class='ocrx_word' id='word_1_200' title='bbox 460 2774 582 2830; x_wconf 87' lang='lat' dir='ltr'>pter</span> <span class='ocrx_word' id='word_1_201' title='bbox 621 2780 726 2828; x_wconf 90' lang='lat' dir='ltr'>que</span> <span class='ocrx_word' id='word_1_202' title='bbox 767 2760 1207 2827; x_wconf 83' lang='lat' dir='ltr'>multiplicantur</span> <span class='ocrx_word' id='word_1_203' title='bbox 1245 2758 1576 2809; x_wconf 86' lang='lat' dir='ltr'>execrabiles</span> <span class='ocrx_word' id='word_1_204' title='bbox 1618 2759 1828 2808; x_wconf 88' lang='lat' dir='ltr'>hereses</span> <span class='ocrx_word' id='word_1_205' title='bbox 1869 2768 1925 2808; x_wconf 90' lang='lat' dir='ltr'>et</span> <span class='ocrx_word' id='word_1_206' title='bbox 1943 2757 2307 2808; x_wconf 88' lang='lat' dir='ltr'>hereticorum</span> <span class='ocrx_word' id='word_1_207' title='bbox 2346 2757 2462 2806; x_wconf 88' lang='lat' dir='ltr'>infi-</span> 
     </span>
     <span class='ocr_line' id='line_1_24' title="bbox 461 2841 2461 2910; baseline -0.004 -12"><span class='ocrx_word' id='word_1_208' title='bbox 461 2847 702 2898; x_wconf 88' lang='lat' dir='ltr'>centium</span> <span class='ocrx_word' id='word_1_209' title='bbox 739 2846 858 2896; x_wconf 85' lang='lat' dir='ltr'>illas</span> <span class='ocrx_word' id='word_1_210' title='bbox 894 2856 951 2895; x_wconf 92' lang='lat' dir='ltr'>et</span> <span class='ocrx_word' id='word_1_211' title='bbox 986 2844 1194 2895; x_wconf 88' lang='lat' dir='ltr'>vicinas</span> <span class='ocrx_word' id='word_1_212' title='bbox 1232 2842 1440 2910; x_wconf 87' lang='lat' dir='ltr'>patrias</span> <span class='ocrx_word' id='word_1_213' title='bbox 1476 2861 1754 2904; x_wconf 91' lang='lat' dir='ltr'>numerus,</span> <span class='ocrx_word' id='word_1_214' title='bbox 1794 2843 1931 2908; x_wconf 91' lang='lat' dir='ltr'>proh</span> <span class='ocrx_word' id='word_1_215' title='bbox 1968 2841 2153 2892; x_wconf 83' lang='lat' dir='ltr'>dolor!</span> <span class='ocrx_word' id='word_1_216' title='bbox 2208 2841 2461 2892; x_wconf 87' lang='lat' dir='ltr'>continue</span> 
     </span>
     <span class='ocr_line' id='line_1_25' title="bbox 462 2927 2463 2996; baseline -0.004 -13"><span class='ocrx_word' id='word_1_217' title='bbox 462 2933 784 2996; x_wconf 85' lang='lat' dir='ltr'>adaugetur.</span> <span class='ocrx_word' id='word_1_218' title='bbox 827 2931 1002 2992; x_wconf 87' lang='lat' dir='ltr'>Unde,</span> <span class='ocrx_word' id='word_1_219' title='bbox 1039 2929 1084 2980; x_wconf 92' lang='lat' dir='ltr'>si</span> <span class='ocrx_word' id='word_1_220' title='bbox 1118 2947 1280 2996; x_wconf 90' lang='lat' dir='ltr'>super</span> <span class='ocrx_word' id='word_1_221' title='bbox 1314 2928 1416 2979; x_wconf 88' lang='lat' dir='ltr'>hiis</span> <span class='ocrx_word' id='word_1_222' title='bbox 1453 2946 1578 2978; x_wconf 92' lang='lat' dir='ltr'>cum</span> <span class='ocrx_word' id='word_1_223' title='bbox 1613 2938 1708 2978; x_wconf 89' lang='lat' dir='ltr'>tue</span> <span class='ocrx_word' id='word_1_224' title='bbox 1744 2929 1944 2978; x_wconf 88' lang='lat' dir='ltr'>devote</span> <span class='ocrx_word' id='word_1_225' title='bbox 1981 2927 2321 2978; x_wconf 89' lang='lat' dir='ltr'>celsitudinis</span> <span class='ocrx_word' id='word_1_226' title='bbox 2373 2943 2463 2976; x_wconf 91' lang='lat' dir='ltr'>au-</span> 
     </span>
     <span class='ocr_line' id='line_1_26' title="bbox 460 3010 2463 3082; baseline -0.003 -16"><span class='ocrx_word' id='word_1_227' title='bbox 460 3017 607 3078; x_wconf 91' lang='lat' dir='ltr'>xilio,</span> <span class='ocrx_word' id='word_1_228' title='bbox 653 3015 765 3066; x_wconf 89' lang='lat' dir='ltr'>sine</span> <span class='ocrx_word' id='word_1_229' title='bbox 812 3033 917 3082; x_wconf 91' lang='lat' dir='ltr'>quo</span> <span class='ocrx_word' id='word_1_230' title='bbox 962 3033 1072 3065; x_wconf 91' lang='lat' dir='ltr'>non</span> <span class='ocrx_word' id='word_1_231' title='bbox 1116 3023 1300 3080; x_wconf 88' lang='lat' dir='ltr'>potest</span> <span class='ocrx_word' id='word_1_232' title='bbox 1343 3011 1556 3063; x_wconf 86' lang='lat' dir='ltr'>iustitia</span> <span class='ocrx_word' id='word_1_233' title='bbox 1603 3011 1919 3074; x_wconf 85' lang='lat' dir='ltr'>ministrari,</span> <span class='ocrx_word' id='word_1_234' title='bbox 1966 3012 2133 3062; x_wconf 92' lang='lat' dir='ltr'>celere</span> <span class='ocrx_word' id='word_1_235' title='bbox 2177 3022 2232 3062; x_wconf 89' lang='lat' dir='ltr'>et</span> <span class='ocrx_word' id='word_1_236' title='bbox 2274 3010 2463 3060; x_wconf 81' lang='lat' dir='ltr'>efficax</span> 
     </span>
     <span class='ocr_line' id='line_1_27' title="bbox 461 3094 2460 3166; baseline -0.004 -15"><span class='ocrx_word' id='word_1_237' title='bbox 461 3101 762 3151; x_wconf 89' lang='lat' dir='ltr'>remedium</span> <span class='ocrx_word' id='word_1_238' title='bbox 800 3119 907 3150; x_wconf 90' lang='lat' dir='ltr'>non</span> <span class='ocrx_word' id='word_1_239' title='bbox 947 3108 1280 3166; x_wconf 81' lang='lat' dir='ltr'>apponatur,</span> <span class='ocrx_word' id='word_1_240' title='bbox 1318 3097 1374 3148; x_wconf 91' lang='lat' dir='ltr'>in</span> <span class='ocrx_word' id='word_1_241' title='bbox 1413 3097 1666 3148; x_wconf 89' lang='lat' dir='ltr'>omnibus</span> <span class='ocrx_word' id='word_1_242' title='bbox 1706 3096 1864 3147; x_wconf 88' lang='lat' dir='ltr'>dictis</span> <span class='ocrx_word' id='word_1_243' title='bbox 1904 3097 2153 3162; x_wconf 91' lang='lat' dir='ltr'>partibus</span> <span class='ocrx_word' id='word_1_244' title='bbox 2191 3105 2246 3146; x_wconf 91' lang='lat' dir='ltr'>et</span> <span class='ocrx_word' id='word_1_245' title='bbox 2297 3094 2460 3145; x_wconf 88' lang='lat' dir='ltr'>etiam</span> 
     </span>
     <span class='ocr_line' id='line_1_28' title="bbox 462 3177 2463 3251; baseline -0.003 -16"><span class='ocrx_word' id='word_1_246' title='bbox 462 3203 626 3250; x_wconf 88' lang='lat' dir='ltr'>regno</span> <span class='ocrx_word' id='word_1_247' title='bbox 676 3195 773 3235; x_wconf 93' lang='lat' dir='ltr'>tuo</span> <span class='ocrx_word' id='word_1_248' title='bbox 823 3202 1015 3251; x_wconf 88' lang='lat' dir='ltr'>vepres</span> <span class='ocrx_word' id='word_1_249' title='bbox 1063 3194 1120 3234; x_wconf 93' lang='lat' dir='ltr'>et</span> <span class='ocrx_word' id='word_1_250' title='bbox 1167 3182 1320 3250; x_wconf 86' lang='lat' dir='ltr'>spine</span> <span class='ocrx_word' id='word_1_251' title='bbox 1369 3181 1748 3233; x_wconf 88' lang='lat' dir='ltr'>hereticalium</span> <span class='ocrx_word' id='word_1_252' title='bbox 1797 3199 2041 3231; x_wconf 90' lang='lat' dir='ltr'>errorum</span> <span class='ocrx_word' id='word_1_253' title='bbox 2089 3189 2313 3246; x_wconf 86' lang='lat' dir='ltr'>possent</span> <span class='ocrx_word' id='word_1_254' title='bbox 2360 3177 2463 3228; x_wconf 88' lang='lat' dir='ltr'>cito</span> 
     </span>
     <span class='ocr_line' id='line_1_29' title="bbox 464 3265 2467 3332; baseline -0.005 -12"><span class='ocrx_word' id='word_1_255' title='bbox 464 3288 792 3321; x_wconf 85' lang='lat' dir='ltr'>succressere</span> <span class='ocrx_word' id='word_1_256' title='bbox 827 3288 936 3320; x_wconf 90' lang='lat' dir='ltr'>non</span> <span class='ocrx_word' id='word_1_257' title='bbox 971 3270 1037 3319; x_wconf 91' lang='lat' dir='ltr'>de</span> <span class='ocrx_word' id='word_1_258' title='bbox 1071 3267 1218 3319; x_wconf 84' lang='lat' dir='ltr'>facili</span> <span class='ocrx_word' id='word_1_259' title='bbox 1251 3267 1548 3328; x_wconf 89' lang='lat' dir='ltr'>evellende,</span> <span class='ocrx_word' id='word_1_260' title='bbox 1584 3266 1639 3316; x_wconf 92' lang='lat' dir='ltr'>in</span> <span class='ocrx_word' id='word_1_261' title='bbox 1673 3265 1977 3332; x_wconf 92' lang='lat' dir='ltr'>periculum</span> <span class='ocrx_word' id='word_1_262' title='bbox 2012 3265 2319 3316; x_wconf 85' lang='lat' dir='ltr'>animarum</span> <span class='ocrx_word' id='word_1_263' title='bbox 2354 3279 2467 3327; x_wconf 86' lang='lat' dir='ltr'>gra-</span> 
     </span>
     <span class='ocr_line' id='line_1_30' title="bbox 466 3345 2465 3411; baseline -0.004 -8"><span class='ocrx_word' id='word_1_264' title='bbox 466 3354 751 3405; x_wconf 89' lang='lat' dir='ltr'>vissimum</span> <span class='ocrx_word' id='word_1_265' title='bbox 810 3364 866 3404; x_wconf 88' lang='lat' dir='ltr'>et</span> <span class='ocrx_word' id='word_1_266' title='bbox 923 3351 1400 3404; x_wconf 82' lang='lat' dir='ltr'>obnubilationem</span> <span class='ocrx_word' id='word_1_267' title='bbox 1458 3350 1724 3401; x_wconf 86' lang='lat' dir='ltr'>claritatis</span> <span class='ocrx_word' id='word_1_268' title='bbox 1786 3349 2071 3411; x_wconf 88' lang='lat' dir='ltr'>catholice,</span> <span class='ocrx_word' id='word_1_269' title='bbox 2145 3345 2465 3398; x_wconf 81' lang='lat' dir='ltr'>sinceritatis</span> 
     </span>
     <span class='ocr_line' id='line_1_31' title="bbox 470 3429 2489 3504; baseline -0.005 -15"><span class='ocrx_word' id='word_1_270' title='bbox 470 3439 595 3489; x_wconf 84' lang='lat' dir='ltr'>fidei</span> <span class='ocrx_word' id='word_1_271' title='bbox 640 3440 925 3501; x_wconf 85' lang='lat' dir='ltr'>ortodoxe,</span> <span class='ocrx_word' id='word_1_272' title='bbox 971 3456 1138 3504; x_wconf 90' lang='lat' dir='ltr'>quam</span> <span class='ocrx_word' id='word_1_273' title='bbox 1181 3436 1266 3486; x_wconf 91' lang='lat' dir='ltr'>tui</span> <span class='ocrx_word' id='word_1_274' title='bbox 1325 3433 1764 3486; x_wconf 86' lang='lat' dir='ltr'>christianissimi</span> <span class='ocrx_word' id='word_1_275' title='bbox 1820 3444 1875 3483; x_wconf 89' lang='lat' dir='ltr'>ct</span> <span class='ocrx_word' id='word_1_276' title='bbox 1933 3432 2110 3484; x_wconf 91' lang='lat' dir='ltr'>incliti</span> <span class='ocrx_word' id='word_1_277' title='bbox 2167 3429 2489 3498; x_wconf 81' lang='lat' dir='ltr'>progenito··</span> 
     </span>
     <span class='ocr_line' id='line_1_32' title="bbox 466 3516 2467 3583; baseline -0.006 -11"><span class='ocrx_word' id='word_1_278' title='bbox 466 3542 548 3573; x_wconf 88' lang='lat' dir='ltr'>res</span> <span class='ocrx_word' id='word_1_279' title='bbox 579 3541 687 3574; x_wconf 89' lang='lat' dir='ltr'>non</span> <span class='ocrx_word' id='word_1_280' title='bbox 731 3524 906 3574; x_wconf 88' lang='lat' dir='ltr'>solum</span> <span class='ocrx_word' id='word_1_281' title='bbox 962 3522 1329 3572; x_wconf 88' lang='lat' dir='ltr'>defenderunt</span> <span class='ocrx_word' id='word_1_282' title='bbox 1373 3519 1623 3582; x_wconf 87' lang='lat' dir='ltr'>viriliter,</span> <span class='ocrx_word' id='word_1_283' title='bbox 1670 3518 1763 3568; x_wconf 90' lang='lat' dir='ltr'>sed</span> <span class='ocrx_word' id='word_1_284' title='bbox 1812 3517 2097 3583; x_wconf 88' lang='lat' dir='ltr'>magnifice</span> <span class='ocrx_word' id='word_1_285' title='bbox 2141 3516 2467 3566; x_wconf 88' lang='lat' dir='ltr'>extulerunt.</span> 
     </span>
     <span class='ocr_line' id='line_1_33' title="bbox 473 3599 2468 3673; baseline -0.006 -15"><span class='ocrx_word' id='word_1_286' title='bbox 473 3606 548 3658; x_wconf 88' lang='lat' dir='ltr'>Ea</span> <span class='ocrx_word' id='word_1_287' title='bbox 603 3618 824 3673; x_wconf 86' lang='lat' dir='ltr'>propter</span> <span class='ocrx_word' id='word_1_288' title='bbox 876 3606 1079 3671; x_wconf 88' lang='lat' dir='ltr'>regiam</span> <span class='ocrx_word' id='word_1_289' title='bbox 1131 3605 1487 3657; x_wconf 88' lang='lat' dir='ltr'>serenitatem</span> <span class='ocrx_word' id='word_1_290' title='bbox 1539 3603 1614 3668; x_wconf 86' lang='lat' dir='ltr'>(a)</span> <span class='ocrx_word' id='word_1_291' title='bbox 1668 3601 2013 3669; x_wconf 83' lang='lat' dir='ltr'>requirimus,</span> <span class='ocrx_word' id='word_1_292' title='bbox 2067 3599 2468 3665; x_wconf 77' lang='lat' dir='ltr'>instantiusque</span> 
     </span>
    </p>
   </div>
   <div class='ocr_carea' id='block_1_7' title="bbox 492 3768 1175 3829">
    <p class='ocr_par' dir='ltr' id='par_1_7' title="bbox 492 3768 1175 3829">
     <span class='ocr_line' id='line_1_34' title="bbox 492 3768 1175 3829; baseline 0.01 -22"><span class='ocrx_word' id='word_1_293' title='bbox 492 3804 496 3807; x_wconf 83' lang='lat'><em>.</em></span> <span class='ocrx_word' id='word_1_294' title='bbox 532 3769 588 3828; x_wconf 83' lang='lat' dir='ltr'>(a)</span> <span class='ocrx_word' id='word_1_295' title='bbox 620 3769 847 3829; x_wconf 82' lang='lat' dir='ltr'>Wadding</span> <span class='ocrx_word' id='word_1_296' title='bbox 869 3768 1175 3814; x_wconf 64' lang='lat' dir='ltr'>:maiestatem</span> 
     </span>
    </p>
   </div>
  </div>
 </body>
</html>
