<?xml version="1.0" encoding="UTF-8"?>
<!DOCTYPE html PUBLIC "-//W3C//DTD XHTML 1.0 Transitional//EN"
    "http://www.w3.org/TR/xhtml1/DTD/xhtml1-transitional.dtd">
<html xmlns="http://www.w3.org/1999/xhtml" xml:lang="en" lang="en">
 <head>
  <title>
</title>
<meta http-equiv="Content-Type" content="text/html;charset=utf-8" />
  <meta name='ocr-system' content='tesseract 3.04.00' />
  <meta name='ocr-capabilities' content='ocr_page ocr_carea ocr_par ocr_line ocrx_word'/>
</head>
<body>
  <div class='ocr_page' id='page_1' title='image "./bullairedelinqui00cathuoft_0147.png"; bbox 0 0 2540 4354; ppageno 0'>
   <div class='ocr_carea' id='block_1_1' title="bbox 955 385 2106 440">
    <p class='ocr_par' dir='ltr' id='par_1_1' title="bbox 955 385 2106 440">
     <span class='ocr_line' id='line_1_1' title="bbox 955 385 2106 440; baseline 0.001 -1"><span class='ocrx_word' id='word_1_1' title='bbox 955 404 1102 439; x_wconf 71' lang='grc' dir='ltr'><strong>ιιιΑκ</strong></span> <span class='ocrx_word' id='word_1_2' title='bbox 1144 405 1275 439; x_wconf 76' lang='lat' dir='ltr'><strong>xxii</strong></span> <span class='ocrx_word' id='word_1_3' title='bbox 2039 385 2106 440; x_wconf 83' lang='lat'><strong>53</strong></span> 
     </span>
    </p>
   </div>
   <div class='ocr_carea' id='block_1_2' title="bbox 0 0 274 4354">
    <p class='ocr_par' dir='ltr' id='par_1_2' title="bbox 0 0 274 4354">
     <span class='ocr_line' id='line_1_2' title="bbox 0 0 274 835; baseline 0 -50"><span class='ocrx_word' id='word_1_4' title='bbox 0 0 274 835; x_wconf 95' lang='lat' dir='ltr'><strong>       </strong></span> 
     </span>
     <span class='ocr_line' id='line_1_3' title="bbox 0 835 120 902; baseline 0 3452"><span class='ocrx_word' id='word_1_5' title='bbox 0 835 120 902; x_wconf 95' lang='lat' dir='ltr'><strong> </strong></span> 
     </span>
     <span class='ocr_line' id='line_1_4' title="bbox 0 902 274 1534; baseline 0 -52"><span class='ocrx_word' id='word_1_6' title='bbox 0 902 274 1534; x_wconf 95' lang='lat' dir='ltr'><strong>   </strong></span> 
     </span>
     <span class='ocr_line' id='line_1_5' title="bbox 0 1534 274 1824; baseline 0 -209"><span class='ocrx_word' id='word_1_7' title='bbox 0 1534 274 1824; x_wconf 95' lang='lat' dir='ltr'><strong>  </strong></span> 
     </span>
     <span class='ocr_line' id='line_1_6' title="bbox 0 1824 274 2239; baseline 0 -119"><span class='ocrx_word' id='word_1_8' title='bbox 0 1824 274 2239; x_wconf 95' lang='lat' dir='ltr'><strong>     </strong></span> 
     </span>
     <span class='ocr_line' id='line_1_7' title="bbox 0 2239 274 2482; baseline 0 0"><span class='ocrx_word' id='word_1_9' title='bbox 0 2239 274 2482; x_wconf 95' lang='lat' dir='ltr'><strong>  </strong></span> 
     </span>
     <span class='ocr_line' id='line_1_8' title="bbox 0 2482 274 2648; baseline 0 0"><span class='ocrx_word' id='word_1_10' title='bbox 0 2482 274 2648; x_wconf 95' lang='lat' dir='ltr'><strong>  </strong></span> 
     </span>
     <span class='ocr_line' id='line_1_9' title="bbox 0 2648 251 2864; baseline 0 0"><span class='ocrx_word' id='word_1_11' title='bbox 0 2648 251 2864; x_wconf 95' lang='lat' dir='ltr'><strong>   </strong></span> 
     </span>
     <span class='ocr_line' id='line_1_10' title="bbox 0 2864 274 3148; baseline 0 -34"><span class='ocrx_word' id='word_1_12' title='bbox 0 2864 274 3148; x_wconf 95' lang='lat' dir='ltr'><strong>    </strong></span> 
     </span>
     <span class='ocr_line' id='line_1_11' title="bbox 0 3148 267 3364; baseline 0 0"><span class='ocrx_word' id='word_1_13' title='bbox 0 3148 267 3364; x_wconf 95' lang='lat' dir='ltr'><strong>  </strong></span> 
     </span>
     <span class='ocr_line' id='line_1_12' title="bbox 0 3364 274 3646; baseline 0 -30"><span class='ocrx_word' id='word_1_14' title='bbox 0 3364 274 3646; x_wconf 95' lang='lat' dir='ltr'><strong>     </strong></span> 
     </span>
     <span class='ocr_line' id='line_1_13' title="bbox 0 3646 274 4354; baseline 0 -579"><span class='ocrx_word' id='word_1_15' title='bbox 0 3646 274 4354; x_wconf 95' lang='lat' dir='ltr'><strong>   </strong></span> 
     </span>
    </p>
   </div>
   <div class='ocr_carea' id='block_1_3' title="bbox 14 531 2111 804">
    <p class='ocr_par' dir='ltr' id='par_1_3' title="bbox 14 531 2111 804">
     <span class='ocr_line' id='line_1_14' title="bbox 19 531 2104 592; baseline -0.005 -6"><span class='ocrx_word' id='word_1_16' title='bbox 19 583 21 586; x_wconf 91' lang='lat'>.</span> <span class='ocrx_word' id='word_1_17' title='bbox 87 533 180 589; x_wconf 51' lang='grc' dir='ltr'><strong>-Ν</strong></span> <span class='ocrx_word' id='word_1_18' title='bbox 197 539 440 584; x_wconf 77' lang='lat' dir='ltr'><strong>novembre</strong></span> <span class='ocrx_word' id='word_1_19' title='bbox 466 539 578 583; x_wconf 78' lang='lat'><strong>1259</strong></span> <span class='ocrx_word' id='word_1_20' title='bbox 621 535 866 592; x_wconf 79' lang='lat' dir='ltr'><strong>(Potthast,</strong></span> <span class='ocrx_word' id='word_1_21' title='bbox 905 548 949 578; x_wconf 95' lang='grc' dir='ltr'><strong>ιι.</strong></span> <span class='ocrx_word' id='word_1_22' title='bbox 999 533 1158 588; x_wconf 84' lang='grc'><strong>17714)</strong></span> <span class='ocrx_word' id='word_1_23' title='bbox 1197 539 1244 573; x_wconf 89' lang='lat' dir='ltr'><strong>et</strong></span> <span class='ocrx_word' id='word_1_24' title='bbox 1289 532 1345 573; x_wconf 89' lang='lat' dir='ltr'><strong>de</strong></span> <span class='ocrx_word' id='word_1_25' title='bbox 1391 531 1594 574; x_wconf 71' lang='lat' dir='ltr'><strong>clement</strong></span> <span class='ocrx_word' id='word_1_26' title='bbox 1653 531 1730 583; x_wconf 87' lang='lat' dir='ltr'><strong>IV,</strong></span> <span class='ocrx_word' id='word_1_27' title='bbox 1775 534 1801 574; x_wconf 88' lang='grc'><strong>3</strong></span> <span class='ocrx_word' id='word_1_28' title='bbox 1861 533 2104 576; x_wconf 80' lang='lat' dir='ltr'><strong>novembre</strong></span> 
     </span>
     <span class='ocr_line' id='line_1_15' title="bbox 14 592 2110 665; baseline -0.006 -10"><span class='ocrx_word' id='word_1_29' title='bbox 14 592 22 664; x_wconf 50' lang='lat'><strong>2³</strong></span> <span class='ocrx_word' id='word_1_30' title='bbox 106 594 239 655; x_wconf 67' lang='lat'><strong>&#39;42⁶⁵</strong></span> <span class='ocrx_word' id='word_1_31' title='bbox 287 609 533 665; x_wconf 70' lang='lat' dir='ltr'><strong>(Poma-st,</strong></span> <span class='ocrx_word' id='word_1_32' title='bbox 577 622 622 650; x_wconf 88' lang='grc' dir='ltr'><strong>ιι.</strong></span> <span class='ocrx_word' id='word_1_33' title='bbox 665 605 842 659; x_wconf 80' lang='grc'><strong>19433).</strong></span> <span class='ocrx_word' id='word_1_34' title='bbox 889 605 1013 647; x_wconf 83' lang='lat' dir='ltr'><strong>Nous</strong></span> <span class='ocrx_word' id='word_1_35' title='bbox 1058 617 1200 646; x_wconf 77' lang='lat' dir='ltr'><strong>avons</strong></span> <span class='ocrx_word' id='word_1_36' title='bbox 1245 602 1391 644; x_wconf 72' lang='lat' dir='ltr'><strong>telove</strong></span> <span class='ocrx_word' id='word_1_37' title='bbox 1437 601 1571 655; x_wconf 81' lang='lat' dir='ltr'><strong>(Jean</strong></span> <span class='ocrx_word' id='word_1_38' title='bbox 1621 601 1806 654; x_wconf 73' lang='lat' dir='ltr'><strong>Galand,</strong></span> <span class='ocrx_word' id='word_1_39' title='bbox 1866 616 1910 656; x_wconf 90' lang='lat' dir='ltr'><strong>p.</strong></span> <span class='ocrx_word' id='word_1_40' title='bbox 1956 603 2032 645; x_wconf 85' lang='lat'><strong>18-</strong></span> <span class='ocrx_word' id='word_1_41' title='bbox 2033 604 2110 654; x_wconf 82' lang='grc'><strong>20,</strong></span> 
     </span>
     <span class='ocr_line' id='line_1_16' title="bbox 16 665 2111 734; baseline -0.005 -9"><span class='ocrx_word' id='word_1_42' title='bbox 16 665 22 681; x_wconf 40' lang='lat'>⁸</span> <span class='ocrx_word' id='word_1_43' title='bbox 106 679 343 725; x_wconf 68' lang='grc' dir='ltr'><strong>Τήῠωιαὶ</strong></span> <span class='ocrx_word' id='word_1_44' title='bbox 363 679 407 721; x_wconf 76' lang='lat' dir='ltr'><strong>d’</strong></span> <span class='ocrx_word' id='word_1_45' title='bbox 411 677 679 734; x_wconf 71' lang='lat' dir='ltr'><strong>Inquisition</strong></span> <span class='ocrx_word' id='word_1_46' title='bbox 701 676 753 718; x_wconf 77' lang='lat' dir='ltr'><strong>de</strong></span> <span class='ocrx_word' id='word_1_47' title='bbox 774 674 987 726; x_wconf 67' lang='lat' dir='ltr'><strong>Pan-im,</strong></span> <span class='ocrx_word' id='word_1_48' title='bbox 1012 688 1056 728; x_wconf 87' lang='lat' dir='ltr'><strong>p.</strong></span> <span class='ocrx_word' id='word_1_49' title='bbox 1081 673 1185 715; x_wconf 88' lang='grc'><strong>170-</strong></span> <span class='ocrx_word' id='word_1_50' title='bbox 1167 672 1284 725; x_wconf 87' lang='grc'><strong>-177)</strong></span> <span class='ocrx_word' id='word_1_51' title='bbox 1314 686 1376 713; x_wconf 89' lang='lat' dir='ltr'><strong>un</strong></span> <span class='ocrx_word' id='word_1_52' title='bbox 1400 671 1568 714; x_wconf 82' lang='lat' dir='ltr'><strong>certain</strong></span> <span class='ocrx_word' id='word_1_53' title='bbox 1592 671 1776 713; x_wconf 80' lang='lat' dir='ltr'><strong>nombre</strong></span> <span class='ocrx_word' id='word_1_54' title='bbox 1801 672 1845 713; x_wconf 89' lang='lat' dir='ltr'><strong>d</strong></span> <span class='ocrx_word' id='word_1_55' title='bbox 1848 672 2059 714; x_wconf 71' lang='lat' dir='ltr'><strong>allusione</strong></span> <span class='ocrx_word' id='word_1_56' title='bbox 2083 674 2111 714; x_wconf 73' lang='lat' dir='ltr'><strong>a</strong></span> 
     </span>
     <span class='ocr_line' id='line_1_17' title="bbox 122 740 2109 804; baseline -0.006 -9"><span class='ocrx_word' id='word_1_57' title='bbox 122 756 196 796; x_wconf 75' lang='lat' dir='ltr'><strong>eet</strong></span> <span class='ocrx_word' id='word_1_58' title='bbox 217 762 352 804; x_wconf 70' lang='lat' dir='ltr'><strong>usage</strong></span> <span class='ocrx_word' id='word_1_59' title='bbox 372 749 486 791; x_wconf 77' lang='lat' dir='ltr'><strong>dans</strong></span> <span class='ocrx_word' id='word_1_60' title='bbox 506 749 569 790; x_wconf 72' lang='lat' dir='ltr'><strong>le·</strong></span> <span class='ocrx_word' id='word_1_61' title='bbox 592 746 839 790; x_wconf 82' lang='lat' dir='ltr'><strong>tribunaux</strong></span> <span class='ocrx_word' id='word_1_62' title='bbox 861 745 925 787; x_wconf 91' lang='lat' dir='ltr'><strong>du</strong></span> <span class='ocrx_word' id='word_1_63' title='bbox 947 743 1069 785; x_wconf 74' lang='lat' dir='ltr'><strong>uidi.</strong></span> <span class='ocrx_word' id='word_1_64' title='bbox 1086 742 1148 784; x_wconf 87' lang='lat' dir='ltr'><strong>Le</strong></span> <span class='ocrx_word' id='word_1_65' title='bbox 1162 742 1342 797; x_wconf 67' lang='lat' dir='ltr'><strong>present</strong></span> <span class='ocrx_word' id='word_1_66' title='bbox 1356 740 1518 783; x_wconf 76' lang='lat' dir='ltr'><strong>recueil</strong></span> <span class='ocrx_word' id='word_1_67' title='bbox 1533 755 1587 782; x_wconf 91' lang='lat' dir='ltr'><strong>en</strong></span> <span class='ocrx_word' id='word_1_68' title='bbox 1604 742 1712 783; x_wconf 77' lang='lat' dir='ltr'><strong>offro</strong></span> <span class='ocrx_word' id='word_1_69' title='bbox 1727 742 1940 797; x_wconf 77' lang='lat' dir='ltr'>quelques</span> <span class='ocrx_word' id='word_1_70' title='bbox 1958 750 2109 785; x_wconf 84' lang='lat' dir='ltr'><strong>autres</strong></span> 
     </span>
    </p>
   </div>
   <div class='ocr_carea' id='block_1_4' title="bbox 16 781 784 886">
    <p class='ocr_par' dir='ltr' id='par_1_4' title="bbox 16 781 784 886">
     <span class='ocr_line' id='line_1_18' title="bbox 16 781 784 886; baseline -0.007 -24"><span class='ocrx_word' id='word_1_71' title='bbox 16 781 20 824; x_wconf 61' lang='lat'>³</span> <span class='ocrx_word' id='word_1_72' title='bbox 90 814 187 886; x_wconf 61' lang='grc' dir='ltr'><strong>ξι..</strong></span> <span class='ocrx_word' id='word_1_73' title='bbox 206 818 264 861; x_wconf 77' lang='lat'><strong>58</strong></span> <span class='ocrx_word' id='word_1_74' title='bbox 283 825 406 868; x_wconf 70' lang='grc' dir='ltr'><strong>ηοω,</strong></span> <span class='ocrx_word' id='word_1_75' title='bbox 424 817 525 871; x_wconf 79' lang='lat'><strong>143,</strong></span> <span class='ocrx_word' id='word_1_76' title='bbox 545 817 646 869; x_wconf 81' lang='lat'><strong>186,</strong></span> <span class='ocrx_word' id='word_1_77' title='bbox 665 815 784 870; x_wconf 81' lang='lat'><strong>341).</strong></span> 
     </span>
    </p>
   </div>
   <div class='ocr_carea' id='block_1_5' title="bbox 110 964 158 990">
    <p class='ocr_par' dir='ltr' id='par_1_5' title="bbox 110 964 158 990">
     <span class='ocr_line' id='line_1_19' title="bbox 110 964 158 990; baseline 0 0"><span class='ocrx_word' id='word_1_78' title='bbox 110 964 158 990; x_wconf 64' lang='lat' dir='ltr'><strong>&#39;&#39;Q&#39;&#39;</strong></span> 
     </span>
    </p>
   </div>
   <div class='ocr_carea' id='block_1_6' title="bbox 978 1271 1255 1332">
    <p class='ocr_par' dir='ltr' id='par_1_6' title="bbox 978 1271 1255 1332">
     <span class='ocr_line' id='line_1_20' title="bbox 978 1271 1255 1332; baseline -0.007 -15"><span class='ocrx_word' id='word_1_79' title='bbox 978 1271 1255 1332; x_wconf 80' lang='lat'>...24-</span> 
     </span>
    </p>
   </div>
   <div class='ocr_carea' id='block_1_7' title="bbox 17 1427 2107 1582">
    <p class='ocr_par' dir='ltr' id='par_1_7' title="bbox 17 1400 2107 1582">
     <span class='ocr_line' id='line_1_21' title="bbox 17 1427 2107 1511; baseline -0.004 -22"><span class='ocrx_word' id='word_1_80' title='bbox 17 1427 26 1511; x_wconf 29' lang='lat' dir='ltr'>s</span> <span class='ocrx_word' id='word_1_81' title='bbox 103 1451 111 1497; x_wconf 83' lang='lat' dir='ltr'><strong>j</strong></span> <span class='ocrx_word' id='word_1_82' title='bbox 139 1459 164 1467; x_wconf 68' lang='lat'><strong>·‘</strong></span> <span class='ocrx_word' id='word_1_83' title='bbox 194 1434 357 1488; x_wconf 77' lang='lat' dir='ltr'><strong>Ordre</strong></span> <span class='ocrx_word' id='word_1_84' title='bbox 385 1443 459 1486; x_wconf 69' lang='lat' dir='ltr'><strong>est</strong></span> <span class='ocrx_word' id='word_1_85' title='bbox 485 1434 657 1486; x_wconf 62' lang='lat' dir='ltr'><strong>donni</strong></span> <span class='ocrx_word' id='word_1_86' title='bbox 685 1451 785 1500; x_wconf 83' lang='lat' dir='ltr'><strong>par</strong></span> <span class='ocrx_word' id='word_1_87' title='bbox 817 1433 956 1484; x_wconf 79' lang='lat' dir='ltr'><strong>Jean</strong></span> <span class='ocrx_word' id='word_1_88' title='bbox 987 1431 1168 1484; x_wconf 88' lang='lat' dir='ltr'><em>XXII</em></span> <span class='ocrx_word' id='word_1_89' title='bbox 1199 1435 1232 1482; x_wconf 86' lang='grc' dir='ltr'><em>ἁ</em></span> <span class='ocrx_word' id='word_1_90' title='bbox 1264 1432 1483 1498; x_wconf 71' lang='grc' dir='ltr'><strong>ζ’ένὲᾳιιε</strong></span> <span class='ocrx_word' id='word_1_91' title='bbox 1513 1432 1573 1482; x_wconf 81' lang='lat' dir='ltr'><strong>de</strong></span> <span class='ocrx_word' id='word_1_92' title='bbox 1605 1431 1844 1481; x_wconf 80' lang='lat' dir='ltr'><strong>Pamiers</strong></span> <span class='ocrx_word' id='word_1_93' title='bbox 1878 1432 1938 1481; x_wconf 80' lang='lat' dir='ltr'><strong>de</strong></span> <span class='ocrx_word' id='word_1_94' title='bbox 1993 1450 2107 1497; x_wconf 84' lang='lat' dir='ltr'><strong>pro-</strong></span> 
     </span>
     <span class='ocr_line' id='line_1_22' title="bbox 17 1514 2107 1582; baseline -0.003 -10"><span class='ocrx_word' id='word_1_95' title='bbox 17 1525 19 1532; x_wconf 82' lang='grc'><em>’</em></span> <span class='ocrx_word' id='word_1_96' title='bbox 113 1527 119 1532; x_wconf 83' lang='grc'><em>’</em></span> <span class='ocrx_word' id='word_1_97' title='bbox 153 1518 269 1572; x_wconf 64' lang='grc' dir='ltr'><strong>ἐὰν</strong></span> <span class='ocrx_word' id='word_1_98' title='bbox 298 1528 468 1570; x_wconf 77' lang='lat' dir='ltr'><strong>contre</strong></span> <span class='ocrx_word' id='word_1_99' title='bbox 498 1517 624 1568; x_wconf 77' lang='lat' dir='ltr'><strong>trois</strong></span> <span class='ocrx_word' id='word_1_100' title='bbox 657 1516 928 1568; x_wconf 66' lang='lat' dir='ltr'><strong>individua</strong></span> <span class='ocrx_word' id='word_1_101' title='bbox 962 1519 1113 1567; x_wconf 68' lang='grc' dir='ltr'><strong>νοιιέε</strong></span> <span class='ocrx_word' id='word_1_102' title='bbox 1146 1533 1253 1565; x_wconf 78' lang='lat' dir='ltr'><strong>aux</strong></span> <span class='ocrx_word' id='word_1_103' title='bbox 1283 1515 1548 1582; x_wconf 75' lang='lat' dir='ltr'><strong>proliques</strong></span> <span class='ocrx_word' id='word_1_104' title='bbox 1580 1516 1640 1565; x_wconf 83' lang='lat' dir='ltr'><strong>cle</strong></span> <span class='ocrx_word' id='word_1_105' title='bbox 1673 1515 1725 1565; x_wconf 86' lang='lat' dir='ltr'><strong>la</strong></span> <span class='ocrx_word' id='word_1_106' title='bbox 1759 1514 1927 1579; x_wconf 67' lang='lat' dir='ltr'><strong>magle</strong></span> <span class='ocrx_word' id='word_1_107' title='bbox 1959 1525 2003 1564; x_wconf 82' lang='lat' dir='ltr'><strong>et</strong></span> <span class='ocrx_word' id='word_1_108' title='bbox 2037 1532 2107 1565; x_wconf 85' lang='lat' dir='ltr'><strong>au</strong></span> 
     </span>
    </p>
   </div>
   <div class='ocr_carea' id='block_1_8' title="bbox 17 1591 2019 1787">
    <p class='ocr_par' dir='ltr' id='par_1_8' title="bbox 17 1591 2019 1787">
     <span class='ocr_line' id='line_1_23' title="bbox 17 1591 1540 1665; baseline -0.003 -11"><span class='ocrx_word' id='word_1_109' title='bbox 17 1591 23 1607; x_wconf 46' lang='lat'><em>&#39;</em></span> <span class='ocrx_word' id='word_1_110' title='bbox 204 1628 210 1639; x_wconf 87' lang='lat'><strong>·</strong></span> <span class='ocrx_word' id='word_1_111' title='bbox 239 1640 245 1645; x_wconf 60' lang='lat'><em>‹</em></span> <span class='ocrx_word' id='word_1_112' title='bbox 286 1601 373 1654; x_wconf 65' lang='lat' dir='ltr'><strong>dos</strong></span> <span class='ocrx_word' id='word_1_113' title='bbox 406 1601 633 1652; x_wconf 65' lang='lat' dir='ltr'><strong>demone.</strong></span> <span class='ocrx_word' id='word_1_114' title='bbox 669 1627 740 1638; x_wconf 84' lang='lat'><strong>—·</strong></span> <span class='ocrx_word' id='word_1_115' title='bbox 773 1598 1040 1665; x_wconf 84' lang='lat' dir='ltr'><strong>Avignon,</strong></span> <span class='ocrx_word' id='word_1_116' title='bbox 1077 1598 1144 1650; x_wconf 86' lang='lat'><strong>28</strong></span> <span class='ocrx_word' id='word_1_117' title='bbox 1176 1598 1354 1665; x_wconf 83' lang='lat' dir='ltr'><strong>juillet</strong></span> <span class='ocrx_word' id='word_1_118' title='bbox 1390 1599 1540 1650; x_wconf 91' lang='grc'><strong>1319.</strong></span> 
     </span>
     <span class='ocr_line' id='line_1_24' title="bbox 457 1731 2019 1787; baseline 0 -12"><span class='ocrx_word' id='word_1_119' title='bbox 457 1733 562 1787; x_wconf 72' lang='lat' dir='ltr'><strong>Reg.</strong></span> <span class='ocrx_word' id='word_1_120' title='bbox 587 1732 702 1786; x_wconf 67' lang='lat' dir='ltr'><strong>Vae„</strong></span> <span class='ocrx_word' id='word_1_121' title='bbox 722 1739 756 1775; x_wconf 88' lang='lat' dir='ltr'><strong>t.</strong></span> <span class='ocrx_word' id='word_1_122' title='bbox 780 1746 909 1786; x_wconf 77' lang='grc' dir='ltr'><strong>ιιιιιι,</strong></span> <span class='ocrx_word' id='word_1_123' title='bbox 929 1746 974 1774; x_wconf 90' lang='grc' dir='ltr'><strong>ιι.</strong></span> <span class='ocrx_word' id='word_1_124' title='bbox 995 1732 1100 1782; x_wconf 78' lang='lat'><strong>9633</strong></span> <span class='ocrx_word' id='word_1_125' title='bbox 1122 1731 1293 1785; x_wconf 80' lang='lat' dir='ltr'><strong>Mollat,</strong></span> <span class='ocrx_word' id='word_1_126' title='bbox 1314 1731 1431 1773; x_wconf 78' lang='lat' dir='ltr'><strong>Jean</strong></span> <span class='ocrx_word' id='word_1_127' title='bbox 1450 1731 1616 1784; x_wconf 84' lang='lat' dir='ltr'><strong>XXII,</strong></span> <span class='ocrx_word' id='word_1_128' title='bbox 1637 1746 1680 1773; x_wconf 91' lang='grc' dir='ltr'><strong>ιι.</strong></span> <span class='ocrx_word' id='word_1_129' title='bbox 1703 1732 1814 1774; x_wconf 81' lang='lat'>9842</span> <span class='ocrx_word' id='word_1_130' title='bbox 1851 1732 2019 1786; x_wconf 64' lang='lat' dir='ltr'><strong>(anah).</strong></span> 
     </span>
    </p>
   </div>
   <div class='ocr_carea' id='block_1_9' title="bbox 35 1848 2105 3829">
    <p class='ocr_par' dir='ltr' id='par_1_9' title="bbox 35 1848 2105 3841">
     <span class='ocr_line' id='line_1_25' title="bbox 154 1848 2105 1916; baseline -0.002 -11"><span class='ocrx_word' id='word_1_131' title='bbox 154 1876 170 1893; x_wconf 43' lang='grc' dir='ltr'><strong>ἰ</strong></span> <span class='ocrx_word' id='word_1_132' title='bbox 195 1851 500 1906; x_wconf 73' lang='lat' dir='ltr'><strong>Venerabili</strong></span> <span class='ocrx_word' id='word_1_133' title='bbox 526 1849 740 1902; x_wconf 83' lang='lat' dir='ltr'><strong>fratri..</strong></span> <span class='ocrx_word' id='word_1_134' title='bbox 782 1849 803 1881; x_wconf 84' lang='lat'>¹</span> <span class='ocrx_word' id='word_1_135' title='bbox 831 1848 1084 1916; x_wconf 90' lang='lat' dir='ltr'><strong>episcopo</strong></span> <span class='ocrx_word' id='word_1_136' title='bbox 1116 1848 1526 1915; x_wconf 87' lang='lat' dir='ltr'><strong>Appamiarum.</strong></span> <span class='ocrx_word' id='word_1_137' title='bbox 1559 1879 1624 1885; x_wconf 97' lang='lat'><strong>—</strong></span> <span class='ocrx_word' id='word_1_138' title='bbox 1654 1849 1738 1900; x_wconf 82' lang='lat' dir='ltr'><strong>Ad</strong></span> <span class='ocrx_word' id='word_1_139' title='bbox 1769 1850 2105 1901; x_wconf 87' lang='lat' dir='ltr'><strong>audientiam</strong></span> 
     </span>
     <span class='ocr_line' id='line_1_26' title="bbox 121 1931 2105 1998; baseline -0.002 -11"><span class='ocrx_word' id='word_1_140' title='bbox 121 1968 128 1980; x_wconf 58' lang='grc' dir='ltr'><strong>ι</strong></span> <span class='ocrx_word' id='word_1_141' title='bbox 161 1962 181 1975; x_wconf 54' lang='lat'><strong>&gt;·</strong></span> <span class='ocrx_word' id='word_1_142' title='bbox 224 1944 368 1987; x_wconf 76' lang='lat' dir='ltr'><strong>tram</strong></span> <span class='ocrx_word' id='word_1_143' title='bbox 398 1953 509 1986; x_wconf 89' lang='lat' dir='ltr'><strong>non</strong></span> <span class='ocrx_word' id='word_1_144' title='bbox 539 1933 653 1986; x_wconf 86' lang='lat' dir='ltr'><strong>sine</strong></span> <span class='ocrx_word' id='word_1_145' title='bbox 686 1933 868 1984; x_wconf 92' lang='lat' dir='ltr'><strong>dolore</strong></span> <span class='ocrx_word' id='word_1_146' title='bbox 901 1931 1075 1982; x_wconf 88' lang='lat' dir='ltr'><strong>cordis</strong></span> <span class='ocrx_word' id='word_1_147' title='bbox 1108 1932 1358 1998; x_wconf 91' lang='lat' dir='ltr'><strong>pervenit</strong></span> <span class='ocrx_word' id='word_1_148' title='bbox 1390 1933 1535 1998; x_wconf 91' lang='lat' dir='ltr'><strong>quod</strong></span> <span class='ocrx_word' id='word_1_149' title='bbox 1572 1932 1667 1982; x_wconf 82' lang='lat' dir='ltr'><strong>filii</strong></span> <span class='ocrx_word' id='word_1_150' title='bbox 1695 1933 1866 1984; x_wconf 88' lang='lat' dir='ltr'><strong>Belial</strong></span> <span class='ocrx_word' id='word_1_151' title='bbox 1915 1935 2105 1984; x_wconf 88' lang='lat' dir='ltr'><strong>Petrus</strong></span> 
     </span>
     <span class='ocr_line' id='line_1_27' title="bbox 223 2014 2104 2085; baseline -0.003 -13.946"><span class='ocrx_word' id='word_1_152' title='bbox 223 2017 415 2081; x_wconf 84' lang='lat' dir='ltr'><strong>marii,</strong></span> <span class='ocrx_word' id='word_1_153' title='bbox 444 2016 745 2085; x_wconf 79' lang='lat' dir='ltr'>presbitero</span> <span class='ocrx_word' id='word_1_154' title='bbox 776 2015 912 2083; x_wconf 79' lang='lat' dir='ltr'><strong>(sic),</strong></span> <span class='ocrx_word' id='word_1_155' title='bbox 943 2024 1000 2065; x_wconf 88' lang='lat' dir='ltr'><strong>et</strong></span> <span class='ocrx_word' id='word_1_156' title='bbox 1031 2015 1222 2065; x_wconf 91' lang='lat' dir='ltr'><strong>Petrus</strong></span> <span class='ocrx_word' id='word_1_157' title='bbox 1258 2014 1525 2065; x_wconf 77' lang='lat' dir='ltr'><strong>Ricardi²</strong></span> <span class='ocrx_word' id='word_1_158' title='bbox 1530 2015 1762 2077; x_wconf 89' lang='lat' dir='ltr'><strong>,ordinis</strong></span> <span class='ocrx_word' id='word_1_159' title='bbox 1804 2017 2104 2067; x_wconf 87' lang='lat' dir='ltr'><strong>carmelita·</strong></span> 
     </span>
     <span class='ocr_line' id='line_1_28' title="bbox 224 2099 2105 2166; baseline -0.003 -12.283"><span class='ocrx_word' id='word_1_160' title='bbox 224 2129 262 2165; x_wconf 89' lang='lat'><strong>·,</strong></span> <span class='ocrx_word' id='word_1_161' title='bbox 296 2110 353 2153; x_wconf 89' lang='lat' dir='ltr'><strong>et</strong></span> <span class='ocrx_word' id='word_1_162' title='bbox 389 2100 662 2153; x_wconf 88' lang='lat' dir='ltr'><strong>Galharda</strong></span> <span class='ocrx_word' id='word_1_163' title='bbox 703 2099 982 2166; x_wconf 90' lang='lat' dir='ltr'><strong>Enquede,</strong></span> <span class='ocrx_word' id='word_1_164' title='bbox 1020 2099 1086 2149; x_wconf 90' lang='lat' dir='ltr'><strong>de</strong></span> <span class='ocrx_word' id='word_1_165' title='bbox 1126 2099 1347 2150; x_wconf 90' lang='lat' dir='ltr'><strong>Monte·</strong></span> <span class='ocrx_word' id='word_1_166' title='bbox 1383 2099 1697 2150; x_wconf 83' lang='lat' dir='ltr'><strong>Galhardo³</strong></span> <span class='ocrx_word' id='word_1_167' title='bbox 1702 2138 1714 2161; x_wconf 94' lang='lat'><strong>,</strong></span> <span class='ocrx_word' id='word_1_168' title='bbox 1754 2099 1959 2161; x_wconf 89' lang='lat' dir='ltr'><strong>mulier,</strong></span> <span class='ocrx_word' id='word_1_169' title='bbox 2013 2118 2105 2166; x_wconf 86' lang='lat' dir='ltr'><strong>per</strong></span> 
     </span>
     <span class='ocr_line' id='line_1_29' title="bbox 35 2181 2103 2255; baseline -0.001 -19"><span class='ocrx_word' id='word_1_170' title='bbox 35 2247 37 2255; x_wconf 22' lang='lat' dir='ltr'><em>A</em></span> <span class='ocrx_word' id='word_1_171' title='bbox 103 2186 142 2241; x_wconf 42' lang='grc' dir='ltr'><strong>ι’*</strong></span> <span class='ocrx_word' id='word_1_172' title='bbox 309 2183 571 2236; x_wconf 85' lang='lat' dir='ltr'><strong>vitiorum</strong></span> <span class='ocrx_word' id='word_1_173' title='bbox 600 2193 865 2249; x_wconf 87' lang='lat' dir='ltr'><strong>vagantes</strong></span> <span class='ocrx_word' id='word_1_174' title='bbox 895 2181 1225 2233; x_wconf 80' lang='lat' dir='ltr'><strong>factionibus</strong></span> <span class='ocrx_word' id='word_1_175' title='bbox 1269 2181 1606 2248; x_wconf 84' lang='lat' dir='ltr'><strong>ymaginum,</strong></span> <span class='ocrx_word' id='word_1_176' title='bbox 1638 2181 2103 2233; x_wconf 82' lang='lat' dir='ltr'><strong>incantationibus</strong></span> 
     </span>
     <span class='ocr_line' id='line_1_30' title="bbox 39 2264 2102 2327; baseline -0.002 -7"><span class='ocrx_word' id='word_1_177' title='bbox 39 2295 42 2300; x_wconf 92' lang='lat'><em>·</em></span> <span class='ocrx_word' id='word_1_178' title='bbox 183 2265 698 2320; x_wconf 65' lang='grc' dir='ltr'><strong>Δἰιοιιοιιίῐιιιίοιιὶὶιιιε</strong></span> <span class='ocrx_word' id='word_1_179' title='bbox 730 2266 1043 2327; x_wconf 80' lang='lat' dir='ltr'><strong>demonum,</strong></span> <span class='ocrx_word' id='word_1_180' title='bbox 1075 2264 1545 2326; x_wconf 75' lang='lat' dir='ltr'><strong>fascinationibus,</strong></span> <span class='ocrx_word' id='word_1_181' title='bbox 1579 2265 1855 2316; x_wconf 83' lang='lat' dir='ltr'><strong>maleficiis</strong></span> <span class='ocrx_word' id='word_1_182' title='bbox 1885 2276 1940 2315; x_wconf 87' lang='lat' dir='ltr'><strong>et</strong></span> <span class='ocrx_word' id='word_1_183' title='bbox 1987 2266 2102 2316; x_wconf 88' lang='lat' dir='ltr'><strong>aliis</strong></span> 
     </span>
     <span class='ocr_line' id='line_1_31' title="bbox 148 2336 2102 2415; baseline -0.002 -13.049"><span class='ocrx_word' id='word_1_184' title='bbox 148 2336 186 2402; x_wconf 24' lang='lat'><strong>’⁴</strong></span> <span class='ocrx_word' id='word_1_185' title='bbox 283 2349 344 2402; x_wconf 86' lang='lat' dir='ltr'><strong>is</strong></span> <span class='ocrx_word' id='word_1_186' title='bbox 387 2349 865 2402; x_wconf 79' lang='lat' dir='ltr'><strong>adinventionibus</strong></span> <span class='ocrx_word' id='word_1_187' title='bbox 909 2348 1297 2415; x_wconf 80' lang='lat' dir='ltr'><strong>superstitiosis</strong></span> <span class='ocrx_word' id='word_1_188' title='bbox 1354 2348 1723 2411; x_wconf 79' lang='lat' dir='ltr'><strong>intendunt⁴,</strong></span> <span class='ocrx_word' id='word_1_189' title='bbox 1768 2348 1949 2414; x_wconf 89' lang='lat' dir='ltr'><strong>sicque</strong></span> <span class='ocrx_word' id='word_1_190' title='bbox 1994 2367 2102 2399; x_wconf 89' lang='lat' dir='ltr'><strong>non</strong></span> 
     </span>
     <span class='ocr_line' id='line_1_32' title="bbox 38 2415 2102 2502; baseline -0.002 -16"><span class='ocrx_word' id='word_1_191' title='bbox 38 2453 42 2460; x_wconf 93' lang='lat'>·</span> <span class='ocrx_word' id='word_1_192' title='bbox 138 2415 225 2477; x_wconf 55' lang='lat'><strong>‘¹³</strong></span> <span class='ocrx_word' id='word_1_193' title='bbox 259 2460 283 2478; x_wconf 86' lang='lat'><strong>··</strong></span> <span class='ocrx_word' id='word_1_194' title='bbox 333 2433 536 2502; x_wconf 82' lang='lat' dir='ltr'><strong>seipsos</strong></span> <span class='ocrx_word' id='word_1_195' title='bbox 577 2432 906 2501; x_wconf 86' lang='lat' dir='ltr'><strong>precipitant</strong></span> <span class='ocrx_word' id='word_1_196' title='bbox 945 2431 1001 2482; x_wconf 92' lang='lat' dir='ltr'><strong>in</strong></span> <span class='ocrx_word' id='word_1_197' title='bbox 1042 2433 1361 2497; x_wconf 87' lang='lat' dir='ltr'><strong>gehennam,</strong></span> <span class='ocrx_word' id='word_1_198' title='bbox 1403 2432 1495 2482; x_wconf 90' lang='lat' dir='ltr'><strong>sed</strong></span> <span class='ocrx_word' id='word_1_199' title='bbox 1536 2441 1592 2481; x_wconf 91' lang='lat' dir='ltr'><strong>et</strong></span> <span class='ocrx_word' id='word_1_200' title='bbox 1633 2432 1832 2482; x_wconf 90' lang='lat' dir='ltr'><strong>multos</strong></span> <span class='ocrx_word' id='word_1_201' title='bbox 1873 2433 2102 2483; x_wconf 86' lang='lat' dir='ltr'><strong>trahunt</strong></span> 
     </span>
     <span class='ocr_line' id='line_1_33' title="bbox 155 2509 2101 2585; baseline -0.002 -16.898"><span class='ocrx_word' id='word_1_202' title='bbox 155 2509 319 2581; x_wconf 76' lang='lat' dir='ltr'><strong>bis,</strong></span> <span class='ocrx_word' id='word_1_203' title='bbox 357 2515 540 2585; x_wconf 84' lang='lat' dir='ltr'><strong>perit..</strong></span> <span class='ocrx_word' id='word_1_204' title='bbox 528 2554 563 2568; x_wconf 89' lang='lat'><strong>..</strong></span> <span class='ocrx_word' id='word_1_205' title='bbox 602 2525 659 2567; x_wconf 88' lang='lat' dir='ltr'><strong>et</strong></span> <span class='ocrx_word' id='word_1_206' title='bbox 695 2514 973 2582; x_wconf 86' lang='lat' dir='ltr'><strong>exemplis.</strong></span> <span class='ocrx_word' id='word_1_207' title='bbox 1015 2515 1124 2566; x_wconf 85' lang='lat' dir='ltr'><strong>Nos</strong></span> <span class='ocrx_word' id='word_1_208' title='bbox 1163 2525 1348 2566; x_wconf 89' lang='lat' dir='ltr'><strong>autem</strong></span> <span class='ocrx_word' id='word_1_209' title='bbox 1387 2514 1533 2565; x_wconf 89' lang='lat' dir='ltr'><strong>viam</strong></span> <span class='ocrx_word' id='word_1_210' title='bbox 1574 2515 1880 2581; x_wconf 88' lang='lat' dir='ltr'><strong>precludere</strong></span> <span class='ocrx_word' id='word_1_211' title='bbox 1921 2515 2101 2565; x_wconf 86' lang='lat' dir='ltr'><strong>huius·</strong></span> 
     </span>
     <span class='ocr_line' id='line_1_34' title="bbox 228 2597 2101 2665; baseline -0.002 -13"><span class='ocrx_word' id='word_1_212' title='bbox 228 2597 268 2641; x_wconf 80' lang='lat'><strong>·&#39;</strong></span> <span class='ocrx_word' id='word_1_213' title='bbox 309 2609 367 2652; x_wconf 83' lang='lat' dir='ltr'><strong>et</strong></span> <span class='ocrx_word' id='word_1_214' title='bbox 405 2598 522 2653; x_wconf 79' lang='lat' dir='ltr'><strong>aliis</strong></span> <span class='ocrx_word' id='word_1_215' title='bbox 562 2598 831 2651; x_wconf 88' lang='lat' dir='ltr'><strong>erroribus</strong></span> <span class='ocrx_word' id='word_1_216' title='bbox 872 2598 1081 2665; x_wconf 86' lang='lat' dir='ltr'><strong>ingenti</strong></span> <span class='ocrx_word' id='word_1_217' title='bbox 1121 2598 1384 2649; x_wconf 89' lang='lat' dir='ltr'><strong>desiderio</strong></span> <span class='ocrx_word' id='word_1_218' title='bbox 1426 2599 1764 2659; x_wconf 76' lang='lat' dir='ltr'><strong>affectantes,</strong></span> <span class='ocrx_word' id='word_1_219' title='bbox 1808 2617 1870 2649; x_wconf 90' lang='lat' dir='ltr'><strong>ac</strong></span> <span class='ocrx_word' id='word_1_220' title='bbox 1912 2598 2101 2648; x_wconf 76' lang='lat' dir='ltr'><strong>confisi</strong></span> 
     </span>
     <span class='ocr_line' id='line_1_35' title="bbox 166 2679 2099 2750; baseline -0.003 -15.077"><span class='ocrx_word' id='word_1_221' title='bbox 166 2679 328 2736; x_wconf 74' lang='lat' dir='ltr'><strong>zelo</strong></span> <span class='ocrx_word' id='word_1_222' title='bbox 354 2701 516 2750; x_wconf 89' lang='lat' dir='ltr'><strong>quem</strong></span> <span class='ocrx_word' id='word_1_223' title='bbox 542 2682 611 2735; x_wconf 91' lang='lat' dir='ltr'><strong>ad</strong></span> <span class='ocrx_word' id='word_1_224' title='bbox 639 2681 907 2733; x_wconf 83' lang='lat' dir='ltr'><strong>iustitiam</strong></span> <span class='ocrx_word' id='word_1_225' title='bbox 936 2681 1070 2747; x_wconf 85' lang='lat' dir='ltr'><strong>geris</strong></span> <span class='ocrx_word' id='word_1_226' title='bbox 1113 2692 1175 2732; x_wconf 90' lang='lat' dir='ltr'><strong>ut</strong></span> <span class='ocrx_word' id='word_1_227' title='bbox 1202 2681 1474 2732; x_wconf 79' lang='lat' dir='ltr'><strong>criminosi</strong></span> <span class='ocrx_word' id='word_1_228' title='bbox 1513 2692 1569 2731; x_wconf 89' lang='lat' dir='ltr'><strong>et</strong></span> <span class='ocrx_word' id='word_1_229' title='bbox 1610 2681 1832 2732; x_wconf 86' lang='lat' dir='ltr'><strong>crimina</strong></span> <span class='ocrx_word' id='word_1_230' title='bbox 1889 2700 2099 2747; x_wconf 82' lang='lat' dir='ltr'><strong>compc-</strong></span> 
     </span>
     <span class='ocr_line' id='line_1_36' title="bbox 210 2765 2100 2831; baseline -0.003 -13.169"><span class='ocrx_word' id='word_1_231' title='bbox 210 2774 359 2830; x_wconf 73' lang='lat' dir='ltr'><strong>tur,</strong></span> <span class='ocrx_word' id='word_1_232' title='bbox 393 2766 795 2820; x_wconf 76' lang='lat' dir='ltr'><strong>fraternitatem</strong></span> <span class='ocrx_word' id='word_1_233' title='bbox 829 2775 985 2816; x_wconf 90' lang='lat' dir='ltr'><strong>tuam</strong></span> <span class='ocrx_word' id='word_1_234' title='bbox 1020 2766 1303 2815; x_wconf 89' lang='lat' dir='ltr'><strong>hortamur</strong></span> <span class='ocrx_word' id='word_1_235' title='bbox 1332 2774 1544 2815; x_wconf 88' lang='lat' dir='ltr'><strong>attente</strong></span> <span class='ocrx_word' id='word_1_236' title='bbox 1567 2782 1660 2831; x_wconf 90' lang='lat' dir='ltr'><strong>per</strong></span> <span class='ocrx_word' id='word_1_237' title='bbox 1690 2765 1987 2830; x_wconf 84' lang='lat' dir='ltr'><strong>apostolica</strong></span> <span class='ocrx_word' id='word_1_238' title='bbox 2023 2765 2100 2814; x_wconf 90' lang='lat' dir='ltr'><strong>ni-</strong></span> 
     </span>
     <span class='ocr_line' id='line_1_37' title="bbox 159 2846 2098 2933; baseline -0.002 -33.005"><span class='ocrx_word' id='word_1_239' title='bbox 156 2839 442 2933; x_wconf 29' lang='lat' dir='ltr'><strong>&#39;ssominus</strong></span> <span class='ocrx_word' id='word_1_240' title='bbox 474 2849 578 2902; x_wconf 90' lang='lat' dir='ltr'><strong>tibi</strong></span> <span class='ocrx_word' id='word_1_241' title='bbox 609 2849 811 2916; x_wconf 83' lang='lat' dir='ltr'><strong>scripta</strong></span> <span class='ocrx_word' id='word_1_242' title='bbox 847 2849 1170 2901; x_wconf 88' lang='lat' dir='ltr'><strong>mandantes</strong></span> <span class='ocrx_word' id='word_1_243' title='bbox 1205 2846 1463 2915; x_wconf 87' lang='lat' dir='ltr'><strong>quatinus</strong></span> <span class='ocrx_word' id='word_1_244' title='bbox 1499 2858 1685 2898; x_wconf 90' lang='lat' dir='ltr'><strong>contra</strong></span> <span class='ocrx_word' id='word_1_245' title='bbox 1723 2847 2098 2914; x_wconf 87' lang='lat' dir='ltr'><strong>presbiterum,</strong></span> 
     </span>
     <span class='ocr_line' id='line_1_38' title="bbox 202 2928 2101 2998; baseline -0.003 -13.103"><span class='ocrx_word' id='word_1_246' title='bbox 202 2944 229 2969; x_wconf 78' lang='grc'><strong>’·</strong></span> <span class='ocrx_word' id='word_1_247' title='bbox 255 2928 348 2984; x_wconf 44' lang='lat' dir='ltr'><strong>&#39;m</strong></span> <span class='ocrx_word' id='word_1_248' title='bbox 382 2931 601 2985; x_wconf 85' lang='lat' dir='ltr'><strong>Ricardi</strong></span> <span class='ocrx_word' id='word_1_249' title='bbox 632 2943 689 2983; x_wconf 91' lang='lat' dir='ltr'><strong>et</strong></span> <span class='ocrx_word' id='word_1_250' title='bbox 724 2931 1001 2983; x_wconf 89' lang='lat' dir='ltr'><strong>mulierem</strong></span> <span class='ocrx_word' id='word_1_251' title='bbox 1037 2931 1324 2998; x_wconf 90' lang='lat' dir='ltr'><strong>predictos,</strong></span> <span class='ocrx_word' id='word_1_252' title='bbox 1361 2949 1494 2997; x_wconf 90' lang='lat' dir='ltr'><strong>quos</strong></span> <span class='ocrx_word' id='word_1_253' title='bbox 1529 2941 1656 2981; x_wconf 91' lang='lat' dir='ltr'><strong>tuus</strong></span> <span class='ocrx_word' id='word_1_254' title='bbox 1691 2949 1870 2983; x_wconf 89' lang='lat' dir='ltr'><strong>carcer</strong></span> <span class='ocrx_word' id='word_1_255' title='bbox 1902 2930 2101 2981; x_wconf 85' lang='lat' dir='ltr'><strong>dicitur</strong></span> 
     </span>
     <span class='ocr_line' id='line_1_39' title="bbox 243 3013 2098 3081; baseline -0.003 -13.239"><span class='ocrx_word' id='word_1_256' title='bbox 243 3030 351 3067; x_wconf 75' lang='lat' dir='ltr'><strong>ere</strong></span> <span class='ocrx_word' id='word_1_257' title='bbox 380 3014 632 3078; x_wconf 81' lang='lat' dir='ltr'><strong>inclusos,</strong></span> <span class='ocrx_word' id='word_1_258' title='bbox 664 3026 721 3066; x_wconf 91' lang='lat' dir='ltr'><strong>et</strong></span> <span class='ocrx_word' id='word_1_259' title='bbox 752 3014 883 3066; x_wconf 88' lang='lat' dir='ltr'><strong>alios</strong></span> <span class='ocrx_word' id='word_1_260' title='bbox 916 3014 959 3065; x_wconf 86' lang='lat' dir='ltr'><strong>si</strong></span> <span class='ocrx_word' id='word_1_261' title='bbox 993 3013 1086 3080; x_wconf 89' lang='lat' dir='ltr'><strong>qui</strong></span> <span class='ocrx_word' id='word_1_262' title='bbox 1117 3025 1246 3065; x_wconf 90' lang='lat' dir='ltr'><strong>sunt</strong></span> <span class='ocrx_word' id='word_1_263' title='bbox 1278 3013 1598 3081; x_wconf 85' lang='lat' dir='ltr'><strong>principales</strong></span> <span class='ocrx_word' id='word_1_264' title='bbox 1631 3014 1685 3064; x_wconf 92' lang='lat' dir='ltr'><strong>in</strong></span> <span class='ocrx_word' id='word_1_265' title='bbox 1717 3014 1818 3064; x_wconf 87' lang='lat' dir='ltr'><strong>illis</strong></span> <span class='ocrx_word' id='word_1_266' title='bbox 1853 3014 2098 3080; x_wconf 89' lang='lat' dir='ltr'><strong>partibus</strong></span> 
     </span>
     <span class='ocr_line' id='line_1_40' title="bbox 286 3097 2095 3164; baseline -0.003 -13.391"><span class='ocrx_word' id='word_1_267' title='bbox 286 3116 364 3150; x_wconf 85' lang='lat' dir='ltr'><strong>m</strong></span> <span class='ocrx_word' id='word_1_268' title='bbox 398 3097 708 3150; x_wconf 83' lang='lat' dir='ltr'><strong>huiusmodi</strong></span> <span class='ocrx_word' id='word_1_269' title='bbox 742 3108 1036 3148; x_wconf 86' lang='lat' dir='ltr'><strong>sectatores</strong></span> <span class='ocrx_word' id='word_1_270' title='bbox 1072 3097 1313 3163; x_wconf 85' lang='lat' dir='ltr'><strong>inquiras</strong></span> <span class='ocrx_word' id='word_1_271' title='bbox 1371 3116 1464 3164; x_wconf 88' lang='lat' dir='ltr'><strong>per</strong></span> <span class='ocrx_word' id='word_1_272' title='bbox 1514 3109 1584 3159; x_wconf 91' lang='lat' dir='ltr'><strong>te,</strong></span> <span class='ocrx_word' id='word_1_273' title='bbox 1635 3098 1721 3147; x_wconf 90' lang='lat' dir='ltr'><strong>vcl</strong></span> <span class='ocrx_word' id='word_1_274' title='bbox 1770 3097 1953 3158; x_wconf 83' lang='lat' dir='ltr'><strong>alium,</strong></span> <span class='ocrx_word' id='word_1_275' title='bbox 2005 3115 2095 3147; x_wconf 89' lang='lat' dir='ltr'><strong>scu</strong></span> 
     </span>
     <span class='ocr_line' id='line_1_41' title="bbox 214 3179 2097 3248; baseline -0.002 -15.159"><span class='ocrx_word' id='word_1_276' title='bbox 214 3207 219 3221; x_wconf 90' lang='lat'><strong>·-</strong></span> <span class='ocrx_word' id='word_1_277' title='bbox 262 3218 277 3244; x_wconf 88' lang='lat'><strong>,</strong></span> <span class='ocrx_word' id='word_1_278' title='bbox 304 3181 611 3244; x_wconf 77' lang='lat' dir='ltr'><strong>summarie,</strong></span> <span class='ocrx_word' id='word_1_279' title='bbox 641 3181 706 3232; x_wconf 91' lang='lat' dir='ltr'><strong>de</strong></span> <span class='ocrx_word' id='word_1_280' title='bbox 736 3181 916 3248; x_wconf 88' lang='lat' dir='ltr'><strong>plan0,</strong></span> <span class='ocrx_word' id='word_1_281' title='bbox 947 3181 1059 3231; x_wconf 91' lang='lat' dir='ltr'><strong>sine</strong></span> <span class='ocrx_word' id='word_1_282' title='bbox 1088 3181 1320 3247; x_wconf 88' lang='lat' dir='ltr'><strong>strepitu</strong></span> <span class='ocrx_word' id='word_1_283' title='bbox 1349 3191 1404 3231; x_wconf 90' lang='lat' dir='ltr'><strong>et</strong></span> <span class='ocrx_word' id='word_1_284' title='bbox 1437 3182 1605 3246; x_wconf 82' lang='lat' dir='ltr'><strong>figura</strong></span> <span class='ocrx_word' id='word_1_285' title='bbox 1635 3180 1835 3241; x_wconf 89' lang='lat' dir='ltr'><strong>iudicii,</strong></span> <span class='ocrx_word' id='word_1_286' title='bbox 1866 3179 2097 3230; x_wconf 81' lang='lat' dir='ltr'><strong>auctori-</strong></span> 
     </span>
     <span class='ocr_line' id='line_1_42' title="bbox 135 3262 2095 3331; baseline -0.004 -12"><span class='ocrx_word' id='word_1_287' title='bbox 135 3325 139 3330; x_wconf 28' lang='lat'><strong>,</strong></span> <span class='ocrx_word' id='word_1_288' title='bbox 185 3298 232 3315; x_wconf 58' lang='lat'><strong>1-</strong></span> <span class='ocrx_word' id='word_1_289' title='bbox 267 3274 454 3319; x_wconf 77' lang='lat' dir='ltr'><strong>nostra</strong></span> <span class='ocrx_word' id='word_1_290' title='bbox 479 3264 573 3316; x_wconf 91' lang='lat' dir='ltr'><strong>ubi</strong></span> <span class='ocrx_word' id='word_1_291' title='bbox 598 3275 694 3316; x_wconf 89' lang='lat' dir='ltr'><strong>tua</strong></span> <span class='ocrx_word' id='word_1_292' title='bbox 722 3282 830 3314; x_wconf 88' lang='lat' dir='ltr'><strong>non</strong></span> <span class='ocrx_word' id='word_1_293' title='bbox 859 3263 1131 3315; x_wconf 73' lang='lat' dir='ltr'><strong>suffecerit</strong></span> <span class='ocrx_word' id='word_1_294' title='bbox 1158 3264 1392 3331; x_wconf 85' lang='lat' dir='ltr'><strong>plenarie</strong></span> <span class='ocrx_word' id='word_1_295' title='bbox 1434 3264 1749 3325; x_wconf 85' lang='lat' dir='ltr'><strong>veritatem3</strong></span> <span class='ocrx_word' id='word_1_296' title='bbox 1777 3274 1830 3313; x_wconf 88' lang='lat' dir='ltr'><strong>et</strong></span> <span class='ocrx_word' id='word_1_297' title='bbox 1871 3262 1914 3312; x_wconf 86' lang='lat' dir='ltr'><strong>si</strong></span> <span class='ocrx_word' id='word_1_298' title='bbox 1954 3281 2095 3328; x_wconf 81' lang='lat' dir='ltr'><strong>pres-</strong></span> 
     </span>
     <span class='ocr_line' id='line_1_43' title="bbox 305 3345 2096 3413; baseline -0.003 -14.367"><span class='ocrx_word' id='word_1_299' title='bbox 305 3365 376 3410; x_wconf 90' lang='grc' dir='ltr'><strong>ιιι,</strong></span> <span class='ocrx_word' id='word_1_300' title='bbox 426 3348 646 3398; x_wconf 89' lang='lat' dir='ltr'><strong>Petrum</strong></span> <span class='ocrx_word' id='word_1_301' title='bbox 693 3357 749 3398; x_wconf 92' lang='lat' dir='ltr'><strong>et</strong></span> <span class='ocrx_word' id='word_1_302' title='bbox 778 3346 1073 3398; x_wconf 81' lang='lat' dir='ltr'><strong>¹mulierem</strong></span> <span class='ocrx_word' id='word_1_303' title='bbox 1120 3359 1175 3398; x_wconf 90' lang='lat' dir='ltr'><strong>et</strong></span> <span class='ocrx_word' id='word_1_304' title='bbox 1222 3347 1352 3399; x_wconf 74' lang='lat' dir='ltr'><strong>elios</strong></span> <span class='ocrx_word' id='word_1_305' title='bbox 1400 3347 1739 3413; x_wconf 86' lang='lat' dir='ltr'><strong>supradictos</strong></span> <span class='ocrx_word' id='word_1_306' title='bbox 1788 3345 2096 3396; x_wconf 88' lang='lat' dir='ltr'><strong>huiusmodi</strong></span> 
     </span>
     <span class='ocr_line' id='line_1_44' title="bbox 124 3429 2095 3502; baseline -0.002 -20"><span class='ocrx_word' id='word_1_307' title='bbox 124 3478 169 3502; x_wconf 21' lang='lat'><strong>⁷·</strong></span> <span class='ocrx_word' id='word_1_308' title='bbox 197 3446 383 3493; x_wconf 81' lang='lat' dir='ltr'><strong>--rum</strong></span> <span class='ocrx_word' id='word_1_309' title='bbox 413 3429 680 3482; x_wconf 87' lang='lat' dir='ltr'><strong>inveneris</strong></span> <span class='ocrx_word' id='word_1_310' title='bbox 714 3430 825 3481; x_wconf 77' lang='lat' dir='ltr'><strong>fore</strong></span> <span class='ocrx_word' id='word_1_311' title='bbox 857 3448 992 3492; x_wconf 87' lang='lat' dir='ltr'><strong>reos,</strong></span> <span class='ocrx_word' id='word_1_312' title='bbox 1028 3450 1150 3482; x_wconf 89' lang='lat' dir='ltr'><strong>cum</strong></span> <span class='ocrx_word' id='word_1_313' title='bbox 1185 3430 1408 3496; x_wconf 88' lang='lat' dir='ltr'><strong>dignum</strong></span> <span class='ocrx_word' id='word_1_314' title='bbox 1442 3430 1512 3481; x_wconf 91' lang='lat' dir='ltr'><strong>sit</strong></span> <span class='ocrx_word' id='word_1_315' title='bbox 1544 3430 1775 3495; x_wconf 88' lang='lat' dir='ltr'><strong>rigorose</strong></span> <span class='ocrx_word' id='word_1_316' title='bbox 1811 3429 2095 3495; x_wconf 85' lang='lat' dir='ltr'><strong>procedere</strong></span> 
     </span>
     <span class='ocr_line' id='line_1_45' title="bbox 153 3506 2095 3582; baseline -0.002 -17"><span class='ocrx_word' id='word_1_317' title='bbox 153 3506 205 3574; x_wconf 56' lang='lat'><strong>5·</strong></span> <span class='ocrx_word' id='word_1_318' title='bbox 251 3512 326 3566; x_wconf 70' lang='lat' dir='ltr'><strong>nie</strong></span> <span class='ocrx_word' id='word_1_319' title='bbox 360 3513 595 3582; x_wconf 82' lang='lat' dir='ltr'><strong>graviter</strong></span> <span class='ocrx_word' id='word_1_320' title='bbox 628 3512 904 3575; x_wconf 88' lang='lat' dir='ltr'><strong>deliratur,</strong></span> <span class='ocrx_word' id='word_1_321' title='bbox 942 3514 1006 3563; x_wconf 92' lang='lat' dir='ltr'><strong>de</strong></span> <span class='ocrx_word' id='word_1_322' title='bbox 1044 3513 1142 3564; x_wconf 84' lang='lat' dir='ltr'><strong>hiis</strong></span> <span class='ocrx_word' id='word_1_323' title='bbox 1179 3532 1282 3580; x_wconf 89' lang='lat' dir='ltr'><strong>que</strong></span> <span class='ocrx_word' id='word_1_324' title='bbox 1351 3524 1537 3564; x_wconf 88' lang='lat' dir='ltr'><strong>contra</strong></span> <span class='ocrx_word' id='word_1_325' title='bbox 1575 3514 1708 3563; x_wconf 90' lang='lat' dir='ltr'><strong>tales</strong></span> <span class='ocrx_word' id='word_1_326' title='bbox 1744 3511 1871 3562; x_wconf 88' lang='lat' dir='ltr'><strong>iuris</strong></span> <span class='ocrx_word' id='word_1_327' title='bbox 1921 3513 2095 3563; x_wconf 89' lang='lat' dir='ltr'><strong>sancit</strong></span> 
     </span>
     <span class='ocr_line' id='line_1_46' title="bbox 215 3595 2094 3662; baseline -0.001 -14.062"><span class='ocrx_word' id='word_1_328' title='bbox 215 3633 221 3637; x_wconf 90' lang='lat'><em>-</em></span> <span class='ocrx_word' id='word_1_329' title='bbox 269 3596 420 3650; x_wconf 84' lang='lat' dir='ltr'><strong>·ritas</strong></span> <span class='ocrx_word' id='word_1_330' title='bbox 437 3596 512 3648; x_wconf 87' lang='lat' dir='ltr'><strong>nil</strong></span> <span class='ocrx_word' id='word_1_331' title='bbox 529 3595 851 3659; x_wconf 87' lang='lat' dir='ltr'><strong>omittas‚ita</strong></span> <span class='ocrx_word' id='word_1_332' title='bbox 871 3597 1014 3662; x_wconf 91' lang='lat' dir='ltr'><strong>quod</strong></span> <span class='ocrx_word' id='word_1_333' title='bbox 1034 3597 1165 3647; x_wconf 90' lang='lat' dir='ltr'><strong>dum</strong></span> <span class='ocrx_word' id='word_1_334' title='bbox 1183 3616 1306 3647; x_wconf 88' lang='lat' dir='ltr'><strong>suos</strong></span> <span class='ocrx_word' id='word_1_335' title='bbox 1325 3607 1532 3647; x_wconf 86' lang='lat' dir='ltr'><strong>actores</strong></span> <span class='ocrx_word' id='word_1_336' title='bbox 1550 3595 1734 3646; x_wconf 88' lang='lat' dir='ltr'><strong>debita</strong></span> <span class='ocrx_word' id='word_1_337' title='bbox 1754 3613 1886 3660; x_wconf 88' lang='lat' dir='ltr'><strong>pena</strong></span> <span class='ocrx_word' id='word_1_338' title='bbox 1910 3606 2094 3646; x_wconf 84' lang='lat' dir='ltr'><strong>tenuc-</strong></span> 
     </span>
     <span class='ocr_line' id='line_1_47' title="bbox 66 3678 2092 3743; baseline -0.001 -13"><span class='ocrx_word' id='word_1_339' title='bbox 66 3734 67 3739; x_wconf 62' lang='lat'><strong>,</strong></span> <span class='ocrx_word' id='word_1_340' title='bbox 144 3679 444 3732; x_wconf 53' lang='lat' dir='ltr'><strong>Vcessent</strong></span> <span class='ocrx_word' id='word_1_341' title='bbox 463 3678 704 3738; x_wconf 75' lang='lat' dir='ltr'><strong>crimina,</strong></span> <span class='ocrx_word' id='word_1_342' title='bbox 730 3679 1134 3743; x_wconf 83' lang='lat' dir='ltr'><strong>proscribantur</strong></span> <span class='ocrx_word' id='word_1_343' title='bbox 1156 3679 1369 3741; x_wconf 85' lang='lat' dir='ltr'><strong>delicta,</strong></span> <span class='ocrx_word' id='word_1_344' title='bbox 1395 3678 1659 3728; x_wconf 86' lang='lat' dir='ltr'><strong>catholica</strong></span> <span class='ocrx_word' id='word_1_345' title='bbox 1687 3678 1816 3727; x_wconf 81' lang='lat' dir='ltr'><strong>fides</strong></span> <span class='ocrx_word' id='word_1_346' title='bbox 1853 3697 1918 3728; x_wconf 88' lang='lat' dir='ltr'><strong>ex</strong></span> <span class='ocrx_word' id='word_1_347' title='bbox 1954 3697 2092 3728; x_wconf 84' lang='lat' dir='ltr'><strong>erro·</strong></span> 
     </span>
     <span class='ocr_line' id='line_1_48' title="bbox 75 3761 2093 3829; baseline -0 -17"><span class='ocrx_word' id='word_1_348' title='bbox 75 3791 77 3810; x_wconf 79' lang='grc'>;</span> <span class='ocrx_word' id='word_1_349' title='bbox 126 3767 197 3801; x_wconf 91' lang='lat'><strong>¹·</strong></span> <span class='ocrx_word' id='word_1_350' title='bbox 228 3778 274 3812; x_wconf 71' lang='lat' dir='ltr'><strong>»s</strong></span> <span class='ocrx_word' id='word_1_351' title='bbox 303 3761 557 3829; x_wconf 82' lang='lat' dir='ltr'><strong>predictis</strong></span> <span class='ocrx_word' id='word_1_352' title='bbox 591 3762 813 3812; x_wconf 86' lang='lat' dir='ltr'><strong>turbata</strong></span> <span class='ocrx_word' id='word_1_353' title='bbox 847 3762 1123 3824; x_wconf 88' lang='lat' dir='ltr'><strong>clarescat,</strong></span> <span class='ocrx_word' id='word_1_354' title='bbox 1158 3773 1335 3812; x_wconf 83' lang='lat' dir='ltr'><strong>status</strong></span> <span class='ocrx_word' id='word_1_355' title='bbox 1368 3762 1480 3811; x_wconf 85' lang='lat' dir='ltr'><strong>cius</strong></span> <span class='ocrx_word' id='word_1_356' title='bbox 1513 3761 1567 3811; x_wconf 88' lang='lat' dir='ltr'><strong>in</strong></span> <span class='ocrx_word' id='word_1_357' title='bbox 1601 3761 1892 3826; x_wconf 78' lang='lat' dir='ltr'><strong>tranquillo</strong></span> <span class='ocrx_word' id='word_1_358' title='bbox 1925 3780 2093 3811; x_wconf 88' lang='lat' dir='ltr'><strong>rema-</strong></span> 
     </span>
    </p>
   </div>
  </div>
 </body>
</html>
