2540 4354
967 406 1176 440 annon·
1214 409 1296 441 xu
2016 389 2114 442 221

139 524 418 593 pontifice,
457 523 544 573 vel
585 540 681 590 pro
720 522 983 588 antipapa
1025 522 1133 573 iam
1174 523 1346 583 dict03
1387 523 1610 588 ipsoque
1650 532 1810 588 capto
1850 522 2117 574 existente

75 651 78 654 ,
139 608 194 660 in
225 607 372 659 dicto
404 622 615 658 carcere
645 622 740 672 per
770 603 1080 656 ministrum
1114 605 1415 670 generalem
1447 605 1580 656 dicti
1610 605 1827 668 ordinis,
1860 605 1953 671 qui
1982 614 2116 656 tunc

133 701 269 754 erat,
310 689 503 741 habitu
555 687 723 756 ipsius
779 687 980 739 ordinis
1032 687 1338 754 expoliatus
1390 699 1446 739 et
1498 689 1567 740 ad
1610 688 2044 755 procurationem
2082 727 2114 739 ..

138 773 395 842 generalis
429 771 792 839 procuratoris
827 771 1056 839 predicti
1090 770 1289 822 ordinis
1323 771 1379 822 in
1412 789 1637 823 romana
1673 771 1830 824 Curia
1866 773 1931 823 de
1966 791 2114 824 man·

79 905 85 911 ,
132 859 263 910 dato
317 856 483 908 felicis
535 854 926 907 recordationis
983 855 1248 906 Johannis
1306 873 1443 921 pape
1474 855 1662 919 XXII,
1731 856 2114 923 predecessoris

68 980 70 982 ψ
134 939 326 1003 nostri,
372 938 595 991 habitus
642 955 803 1005 quem
850 937 1028 989 dictus
1075 938 1489 990 Bartholomeus
1546 941 1798 1006 gestabat
1858 939 2116 991 fratribus

72 1025 75 1034 ²
136 1022 307 1091 ipsius
348 1022 549 1075 ordinis
589 1021 777 1073 extitit
817 1021 1150 1088 assignatus3
1192 1031 1246 1071 et
1288 1032 1561 1088 postremo
1602 1032 1726 1089 post
1763 1023 1983 1088 longam
2025 1041 2119 1090 per

74 1135 75 1139 =
134 1124 259 1158 eum
304 1106 615 1158 tolleratam
661 1104 1019 1173 penitentiam
1068 1105 1339 1171 patienter
1368 1123 1461 1171 per
1491 1106 1697 1157 dictum
1744 1106 2118 1173 inquisitorem

74 1191 86 1230 ἶ
134 1188 219 1257 pie
258 1189 607 1241 consideratis
646 1188 912 1256 patientia
952 1188 1143 1239 humili
1180 1199 1234 1238 et
1274 1189 1681 1240 conversatione
1721 1191 1920 1242 devota
1974 1190 2117 1242 idem

87 1340 90 1342 .
132 1272 426 1339 inquisitor
477 1273 657 1339 ipsum
712 1272 778 1323 de
833 1271 1046 1339 prefato
1101 1288 1309 1324 carcere
1365 1272 1780 1324 misericorditer
1845 1273 2116 1337 liberavit,

133 1356 292 1407 certis
336 1356 440 1407 sibi
482 1356 796 1423 penitentiis
840 1356 1115 1417 iniunctis,
1159 1365 1354 1422 utpote
1400 1357 1663 1422 psalteriis
1694 1367 1748 1406 et
1791 1357 2016 1420 ieiuniis,
2062 1368 2118 1408 et

135 1439 280 1507 quod
309 1457 475 1505 quam
503 1437 610 1490 cito
639 1459 763 1491 cum
790 1457 852 1490 eo
880 1456 1040 1505 super
1066 1439 1383 1489 executione
1413 1440 1661 1490 ordinum
1680 1450 1734 1489 et
1762 1440 1920 1491 officii
1947 1459 2117 1491 sacer-

83 1551 87 1591 j
134 1522 330 1575 dotalis
379 1522 635 1574 existeret
683 1523 1075 1590 dispensatum,
1104 1540 1197 1589 per
1244 1520 1536 1574 triennium
1585 1524 1719 1574 duas
1784 1524 1970 1576 missas
2020 1542 2115 1591 pro

84 1603 86 1606 ’
137 1604 357 1658 domino
386 1625 548 1674 papa,
576 1625 743 1659 unam
772 1607 837 1657 de
867 1606 1067 1658 Sancto
1098 1606 1300 1673 Spiritu
1329 1617 1384 1656 et
1411 1606 1573 1657 aliam
1601 1607 1666 1657 de
1695 1608 1856 1659 beata
1901 1608 2115 1673 Virgine

83 1703 86 1706 ⁴
138 1689 306 1741 Maria
365 1690 632 1742 celebrare
690 1700 983 1751 teneretur,
1044 1689 1286 1755 qualibet
1343 1690 1665 1756 septimana.
1727 1691 1901 1755 Quare
1959 1692 2114 1743 nobis

138 1773 382 1841 prefatus
416 1774 831 1825 Bartholomeus
866 1772 1195 1841 supplicavit
1230 1770 1505 1823 humiliter
1539 1783 1592 1823 et
1627 1775 1822 1824 devote
1857 1775 2112 1841 quatinus

84 1924 86 1926 Ι
133 1871 316 1908 secum
358 1867 421 1907 ut
463 1857 773 1908 huiusmodi
815 1856 1192 1924 penitentiam,
1236 1856 1375 1907 sicut
1418 1857 1785 1923 cupit,valeat
1801 1858 2111 1926 adimplere,

91 1958 95 1962 ’
132 1949 189 1991 et
226 1940 360 1992 alias
399 1941 734 1993 commodius
773 1940 992 1992 domino
1030 1939 1283 1991 famulari
1318 1957 1479 2007 super
1515 1941 1831 1992 executione
1871 1943 2114 2009 predicta

99 2011 446 2091 ‘dispensare
500 2025 785 2092 ipsumque
841 2024 910 2075 ad
966 2042 1086 2075 eam
1142 2024 1346 2089 integre
1374 2024 1655 2074 restituere
1702 2025 2114 2078 misericorditer

95 2094 495 2180 dignaremur.
552 2108 687 2172 Quia
739 2108 905 2174 igitur
954 2108 1144 2159 eadem
1196 2117 1384 2159 sancta
1442 2108 1674 2157 Ecclesia
1728 2109 1858 2159 nulli
1910 2111 2118 2162 claudit

142 2183 236 2241 s'ue
271 2191 491 2259 pietatis
527 2192 789 2258 gremium
824 2192 893 2243 ad
930 2210 1050 2243 eam
1087 2192 1362 2242 humiliter
1395 2191 1659 2254 redeunti,
1710 2209 1805 2242 nos
1842 2194 1910 2244 ad
1947 2194 2117 2246 instar

137 2273 624 2327 misericordiarum
661 2275 835 2328 Patris
868 2285 923 2326 et
960 2274 1179 2326 Domini
1214 2275 1515 2326 miserentis
1549 2276 1713 2342 ipsius
1750 2277 2117 2329 Bartholomei

114 2363 115 2366 ’
135 2355 239 2425 piis
284 2368 339 2408 et
383 2358 595 2410 devotis
639 2359 694 2410 in
739 2360 839 2410 hac
884 2368 1040 2426 parte
1085 2358 1571 2425 supplicationibus
1617 2359 1877 2420 inclinati,
1924 2361 2118 2412 discre-

23 2469 26 2479 ν
115 2438 272 2503 ⁸tioni
315 2451 408 2493 tue
458 2459 551 2510 per
594 2442 892 2510 apostolica
938 2442 1141 2507 scripta
1189 2443 1511 2493 mandamus
1560 2443 1816 2507 quatinus
1862 2445 2111 2496 eumdem

119 2520 597 2589 *Bartholomeum,
635 2525 737 2577 nisi
773 2525 919 2577 aliud
958 2525 1278 2598 canonicum
1296 2525 1890 2589 obsistat,auctqritate
1928 2539 2112 2579 nostra

132 2603 362 2675 recipias
400 2618 457 2658 et
490 2606 657 2676 recipi
692 2608 859 2660 facias
897 2609 952 2660 in
991 2619 1085 2659 tuo
1123 2618 1178 2658 et
1215 2608 1327 2659 eius
1366 2609 1549 2660 ordine
1601 2610 1932 2676 supradicto,
1984 2623 2038 2661 et
2076 2611 2121 2662 si

125 2699 260 2758 -post
296 2691 430 2744 duos
466 2709 638 2743 annos
675 2702 799 2759 post
833 2691 1198 2759 receptionem
1235 2691 1545 2743 huiusmodi
1581 2693 1852 2760 predictus
1889 2695 2117 2746 Bartho-

114 2766 130 2810 ἶ
155 2783 341 2825 omaus
373 2774 478 2826 tibi
509 2775 830 2827 emendatus
867 2776 1001 2826 bene
1036 2774 1310 2826 videbitur
1339 2794 1461 2825 cum
1492 2792 1553 2825 eo
1572 2776 1759 2826 eadem
1791 2778 2115 2829 auctoritate

28 2918 31 2926 ἧ
130 2853 409 2924 Ἴςίιριιιιοθε
450 2867 513 2909 ut
551 2858 608 2910 in
647 2858 910 2925 susceptis
952 2856 1228 2908 ordinibus
1271 2868 1471 2908 secrete
1512 2860 1693 2910 valeat
1734 2860 1998 2911 celebrare
2051 2880 2114 2912 ac

28 2934 35 3003 ἶ,
346 2941 670 3006 ministrare,
712 2939 956 2991 iniuncto
1016 2942 1189 2992 eidem
1248 2942 1391 3008 quod
1449 2942 1735 2994 salubriter
1778 2944 2114 3011 conspexeris

130 3018 154 3065 ³,
196 3020 543 3090 iungendum.
573 3053 643 3062 —
671 3025 875 3076 Datum
905 3024 1180 3087 Avinioni,
1212 3044 1275 3076 ιιι
1306 3025 1424 3075 idus
1454 3025 1813 3090 aprilis,anno
1856 3027 2043 3093 primo,

124 3180 146 3188 -
197 3153 238 3198 1.
258 3152 366 3197 Voir
385 3170 462 3199 eur
482 3164 601 3199 cette
620 3156 775 3199 affaire
803 3170 814 3200 :
843 3171 887 3199 n.
925 3157 993 3207 84,
1016 3164 1123 3199 note
1147 3156 1185 3199 2.

141 3257 154 3268 „
195 3220 236 3266 ὃ.
265 3222 443 3268 Θόηυά
474 3225 697 3276 d'Othon;
723 3240 765 3269 ιι.
783 3225 880 3277 102,
903 3234 1009 3269 note
1031 3226 1075 3269 3.

135 3296 157 3354 ’ξ
194 3289 238 3336 8.
259 3290 321 3336 Le
354 3293 408 3336 13
429 3292 601 3347 unior,
623 3293 714 3338 tete
737 3296 793 3338 de
828 3294 871 3338 la
902 3294 1168 3339 translation
1195 3295 1272 3337 des
1296 3294 1485 3350 reliques
1509 3295 1567 3350 (n.
1591 3294 1661 3347 84,
1687 3302 1794 3338 note
1821 3295 1880 3349 2).
