2540 4354
420 370 487 422 88
802 388 1087 422 BULLAIRE
1130 388 1203 418 DE
1247 368 1661 427 L'INQUISITION
1719 384 2038 427 FRANQAISF.

413 522 466 553 sc
500 514 822 554 convertens
855 503 989 552 falso
1022 512 1076 551 et
1109 499 1377 550 malitiose
1410 498 1696 565 pretendit
1727 516 1781 548 se
1813 516 1925 548 esse
1957 498 2288 548 monachum
2308 518 2418 550 mo-

414 587 638 638 nasterii
674 586 986 638 Userchien.
1005 585 1043 647 ⁶,
1066 584 1268 634 ordinis
1287 583 1464 634 sancti
1481 581 1788 644 Benedicti,
1810 581 2154 634 Lemovicen.
2175 582 2418 646 diocesis,

415 691 578 737 seque
615 672 726 722 fore
762 672 831 721 ad
868 672 1130 721 abbatem
1166 667 1299 719 dicti
1334 666 1654 718 monasterii
1687 677 1976 732 propterea
2024 666 2417 718 remittendum

415 767 471 805 et
510 774 604 822 per
644 774 769 806 eum
809 755 976 804 etiam
1016 753 1384 820 puniendum3
1445 770 1508 801 ac
1546 750 1931 806 nichilominus
1970 767 2036 800 ne
2076 769 2170 816 per
2210 750 2417 802 dictum

416 842 676 890 abbatem
725 838 995 904 Figiacen.
1044 835 1361 887 monasterii
1405 835 1669 901 puniatur
1714 853 1811 900 pro
1848 845 2003 900 parte
2025 834 2160 885 dicti
2201 836 2419 888 abbatis

419 923 729 975 Userchien.
762 940 855 972 seu
886 920 1087 987 prefati
1118 919 1372 970 monachi
1403 920 1472 969 ad
1505 919 1699 970 Sedem
1732 918 2090 984 apostolicam
2111 918 2272 968 fuisse
2292 919 2416 971 dici-

414 1019 505 1058 tur
545 1007 904 1072 appellatum.
949 1006 1127 1069 Quare
1169 1004 1415 1071 prefatus
1457 1005 1628 1054 abbas
1674 1003 1944 1068 Figiacen.
1970 1002 2125 1053 nobis
2146 1003 2419 1055 humiliter

414 1090 746 1157 supplicavit
770 1101 831 1139 ut
853 1107 919 1139 ne
942 1089 1041 1139 tali
1064 1099 1323 1154 pretextu
1341 1088 1584 1137 eiusdem
1604 1086 1858 1138 monachi
1880 1088 2079 1138 scelera
2102 1099 2420 1140 remaneant

416 1174 689 1240 impunita
728 1174 1015 1240 providere
1053 1173 1152 1222 sibi
1191 1191 1352 1238 super
1390 1174 1491 1222 hoc
1530 1173 1594 1222 de
1634 1182 1907 1238 oportuno
1943 1171 2182 1222 remedio
2214 1191 2419 1223 curare-

414 1279 552 1313 mus.
587 1259 858 1322 Quocirca
894 1258 1144 1327 [mandat
1176 1257 1449 1307 iudicibus
1478 1255 1544 1306 ”ut
1575 1256 1819 1307 iustitiae
1853 1256 2152 1306 exhibeant
2185 1248 2416 1323 comple-

416 1343 706 1410 mentum].
741 1372 811 1378 —
843 1342 1053 1393 Datum
1086 1341 1366 1403 Avinioni,
1402 1340 1661 1392 kalendis
1693 1339 2024 1403 novembris,
2047 1360 2188 1390 anno
2210 1351 2423 1411 octavo.

471 1563 510 1603 1.
545 1563 661 1603 Je‘an
688 1563 742 1603 de
770 1562 1096 1615 Champdorat,
1124 1562 1196 1602 elu
1222 1562 1262 1602 le
1289 1563 1313 1602 7
1342 1561 1433 1602 mai
1460 1562 1587 1613 1318,
1618 1561 1733 1602 abbe
1761 1560 1875 1601 dela
1894 1559 2210 1608 Chaise-Dieu3
2256 1561 2425 1614 aveque

413 1633 475 1673 du
499 1633 614 1686 Puy,
635 1634 676 1674 le
698 1634 751 1674 25
775 1633 1030 1687 septembre
1051 1633 1185 1681 1342;
1225 1639 1346 1672 mort
1368 1646 1423 1672 en
1444 1632 1571 1673 1356.
1595 1632 1712 1672 Hist.
1737 1632 1787 1672 de
1808 1630 2082 1683 Languedoc,
2105 1637 2138 1670 t.
2163 1644 2229 1682 lx,
2254 1645 2296 1684 p.
2321 1631 2423 1680 563;

418 1702 528 1744 Gall.
555 1703 715 1755 christ„
739 1711 771 1744 t.
799 1717 849 1755 11,
873 1703 955 1744 col.
980 1704 1187 1754 342-343,
1211 1703 1315 1751 725;
1359 1702 1518 1755 Eubel,
1541 1702 1683 1754 Hier„
1707 1709 1740 1743 t.
1767 1717 1798 1753 1,
1823 1716 1867 1755 p.
1892 1701 1962 1743 91.

470 1775 509 1814 2.
543 1774 608 1815 La
643 1773 939 1814 Chaise-Dieu
977 1772 1333 1826 (Haute-Loire),
1367 1774 1545 1814 arrond.
1581 1774 1636 1814 de
1670 1773 1877 1814 Brioude.

471 1845 512 1885 3.
547 1835 754 1896 Etienne,
779 1844 895 1884 abbe
921 1845 974 1885 de
998 1843 1165 1896 l’eglise
1191 1844 1245 1884 de
1271 1843 1500 1884 Clermont
1523 1844 1600 1884 des
1626 1844 1752 1884 1302.
1787 1844 1897 1884 Gall.
1917 1844 2077 1897 christ„
2096 1851 2129 1885 t.
2150 1859 2200 1897 11,
2219 1844 2301 1885 col.
2321 1845 2417 1886 309.

471 1916 511 1956 4.
547 1914 859 1956 Saint-Michel
895 1916 950 1956 de
985 1915 1226 1968 l'Aiguille,
1264 1914 1479 1956 ancienne
1516 1915 1694 1968 abbaye
1730 1916 1843 1956 dans
1879 1916 1918 1956 le
1957 1915 2185 1969 voisinage
2221 1917 2282 1956 du
2309 1916 2424 1970 Puy,

411 1985 582 2038 dignite
617 1986 680 2026 du
716 1985 934 2039 chapitre.

471 2058 510 2097 5.
546 2055 802 2097 Guillaume
831 2057 886 2097 de
914 2057 1194 2110 Ventadour,
1225 2058 1340 2098 abbe
1370 2058 1424 2098 de
1455 2057 1614 2110 Figeac
1644 2072 1698 2098 en
1727 2059 1854 2099 1315.
1892 2057 2002 2099 Gall.
2034 2058 2198 2109 christ„
2228 2066 2261 2099 t.
2292 2072 2324 2110 1,
2343 2057 2423 2102 eol.

405 2127 505 2168 175.

469 2199 508 2238 6.
545 2199 742 2239 Uzerche
776 2197 1008 2252 (Cot-roze),
1041 2199 1251 2240 chef-lieu
1282 2200 1336 2240 de
1367 2207 1504 2253 cant„
1535 2201 1714 2242 arrond.
1734 2201 1789 2241 de
1813 2198 1954 2242 Tulle.

1276 2687 1558 2747 ·—51—

491 2872 655 2921 Lettre
694 2889 764 2920 aa
802 2871 879 2920 roi
918 2890 1052 2937 pour
1090 2872 1166 2922 lai
1205 2872 1599 2938 communiquer
1635 2874 1706 2923 les
1746 2890 1971 2923 mesures
2009 2871 2177 2938 prises
2214 2871 2346 2922 dans
2383 2871 2427 2923 le

417 2957 689 3006 document
717 2955 945 3006 suivant.
977 2985 1046 2991 ———
1075 2956 1345 3021 Avignon,
1382 2958 1452 3026 [5]
1484 2959 1781 3007 novembre
1814 2957 1965 3008 1323.

764 3103 869 3154 Reg.
893 3103 1006 3154 Vat„
1025 3111 1057 3143 t.
1079 3117 1192 3155 exn,
1211 3111 1328 3157 part.
1349 3105 1390 3156 2,
1430 3104 1504 3145 fol.
1525 3119 1571 3144 1v
1591 3108 1657 3157 v0,
1675 3119 1718 3145 n.
1753 3105 1856 3153 506;
1876 3104 2025 3157 Vidal,
2059 3105 2118 3146 Le
2136 3106 2222 3148 sire
2245 3105 2294 3146 de
2317 3104 2428 3146 Par-

705 3174 871 3227 thenay‚
902 3188 948 3228 p.
978 3174 1078 3215 428.

497 3309 605 3375 Ipsi
642 3308 754 3373 regi
797 3309 1083 3377 [Francie].
1126 3339 1194 3345 —
1233 3310 1553 3360 Serenitatis
1592 3311 1733 3375 regie
1773 3310 1968 3361 litteris
2009 3328 2169 3376 super
2208 3306 2424 3373 negocio

420 3392 627 3444 domini
656 3393 720 3441 de
754 3392 1058 3443 Pertiniaco
1090 3412 1183 3459 per
1212 3413 1327 3457 nos,
1358 3394 1484 3444 licet
1512 3395 1687 3457 tarde,
1717 3394 1968 3461 receptis,
2000 3404 2249 3444 verentes
2279 3390 2419 3458 quod

418 3477 709 3543 inquisitor
745 3489 872 3527 ante
909 3477 1278 3543 provisionem
1315 3497 1341 3528 a
1379 3478 1537 3529 nobis
1573 3497 1734 3544 super
1770 3480 1871 3528 hoc
1907 3478 2217 3529 faciendam
2249 3473 2437 3541 requi-·

422 3561 637 3611 sivisset
679 3561 1014 3611 ordinarium
1057 3563 1252 3613 nobilis
1298 3563 1580 3625 antedicti,
1627 3562 1827 3613 idcirco
1884 3563 2060 3612 eidem
2118 3557 2424 3626 inquisitori

419 3656 475 3694 et
516 3644 629 3694 eius
673 3644 724 3693 iu
760 3646 861 3694 hac
905 3656 1060 3711 parte
1093 3646 1308 3712 collegis
1327 3649 1428 3697 sub
1449 3658 1596 3697 certa
1629 3647 1804 3699 forma
1824 3665 1918 3713 per
1937 3658 2151 3697 nostras
2171 3653 2421 3712 patentes

419 3728 629 3778 litteras
669 3729 1016 3779 scribendum
1056 3730 1395 3796 providimus
1436 3730 1489 3781 in
1526 3731 1699 3782 forma
1742 3750 1907 3797 quam
1949 3730 2192 3781 continet
2234 3726 2428 3778 cedula
