<?xml version="1.0" encoding="UTF-8"?>
<!DOCTYPE html PUBLIC "-//W3C//DTD XHTML 1.0 Transitional//EN"
    "http://www.w3.org/TR/xhtml1/DTD/xhtml1-transitional.dtd">
<html xmlns="http://www.w3.org/1999/xhtml" xml:lang="en" lang="en">
 <head>
  <title>
</title>
<meta http-equiv="Content-Type" content="text/html;charset=utf-8" />
  <meta name='ocr-system' content='tesseract 3.04.00' />
  <meta name='ocr-capabilities' content='ocr_page ocr_carea ocr_par ocr_line ocrx_word'/>
</head>
<body>
  <div class='ocr_page' id='page_1' title='image "./bullairedelinqui00cathuoft/bullairedelinqui00cathuoft_0396.png"; bbox 0 0 2540 4354; ppageno 0'>
   <div class='ocr_carea' id='block_1_1' title="bbox 461 346 2078 409">
    <p class='ocr_par' dir='ltr' id='par_1_1' title="bbox 461 346 2078 409">
     <span class='ocr_line' id='line_1_1' title="bbox 461 346 2078 409; baseline 0.001 -9"><span class='ocrx_word' id='word_1_1' title='bbox 461 348 563 403; x_wconf 90' lang='lat'><strong>302</strong></span> <span class='ocrx_word' id='word_1_2' title='bbox 847 365 1136 400; x_wconf 76' lang='lat' dir='ltr'><strong>BULLAmE</strong></span> <span class='ocrx_word' id='word_1_3' title='bbox 1179 367 1254 399; x_wconf 86' lang='lat' dir='ltr'><strong>DE</strong></span> <span class='ocrx_word' id='word_1_4' title='bbox 1297 346 1717 409; x_wconf 78' lang='lat' dir='ltr'>L&#39;1NQU1S1T10N</span> <span class='ocrx_word' id='word_1_5' title='bbox 1762 363 2078 409; x_wconf 64' lang='lat' dir='ltr'><strong>FRANQMSE</strong></span> 
     </span>
    </p>
   </div>
   <div class='ocr_carea' id='block_1_2' title="bbox 450 481 2535 746">
    <p class='ocr_par' dir='ltr' id='par_1_2' title="bbox 450 481 2535 746">
     <span class='ocr_line' id='line_1_2' title="bbox 517 481 2535 536; baseline 0 -13"><span class='ocrx_word' id='word_1_6' title='bbox 517 483 557 524; x_wconf 90' lang='lat'><strong>1.</strong></span> <span class='ocrx_word' id='word_1_7' title='bbox 591 482 844 524; x_wconf 86' lang='lat' dir='ltr'><strong>Guillaume</strong></span> <span class='ocrx_word' id='word_1_8' title='bbox 874 482 1064 533; x_wconf 88' lang='lat' dir='ltr'><strong>Aubert,</strong></span> <span class='ocrx_word' id='word_1_9' title='bbox 1097 481 1332 535; x_wconf 87' lang='lat' dir='ltr'><strong>chapelain</strong></span> <span class='ocrx_word' id='word_1_10' title='bbox 1363 483 1423 523; x_wconf 93' lang='lat' dir='ltr'><strong>du</strong></span> <span class='ocrx_word' id='word_1_11' title='bbox 1455 497 1587 536; x_wconf 85' lang='lat' dir='ltr'><strong>pape,</strong></span> <span class='ocrx_word' id='word_1_12' title='bbox 1619 483 1691 523; x_wconf 76' lang='lat' dir='ltr'><strong>elu</strong></span> <span class='ocrx_word' id='word_1_13' title='bbox 1721 483 1892 536; x_wconf 72' lang='lat' dir='ltr'><strong>eveque</strong></span> <span class='ocrx_word' id='word_1_14' title='bbox 1923 482 2080 536; x_wconf 90' lang='lat' dir='ltr'><strong>d&#39;Apt,</strong></span> <span class='ocrx_word' id='word_1_15' title='bbox 2111 482 2151 522; x_wconf 90' lang='lat' dir='ltr'><strong>le</strong></span> <span class='ocrx_word' id='word_1_16' title='bbox 2182 483 2206 522; x_wconf 90' lang='lat'>2</span> <span class='ocrx_word' id='word_1_17' title='bbox 2239 482 2472 525; x_wconf 78' lang='lat' dir='ltr'><strong>decembre</strong></span> <span class='ocrx_word' id='word_1_18' title='bbox 2529 502 2535 509; x_wconf 49' lang='lat'>⁸</span> 
     </span>
     <span class='ocr_line' id='line_1_3' title="bbox 460 551 2474 606; baseline 0 -12"><span class='ocrx_word' id='word_1_19' title='bbox 460 554 592 602; x_wconf 85' lang='lat'><strong>1336;</strong></span> <span class='ocrx_word' id='word_1_20' title='bbox 625 552 843 593; x_wconf 72' lang='lat' dir='ltr'><strong>transfere</strong></span> <span class='ocrx_word' id='word_1_21' title='bbox 873 553 898 592; x_wconf 72' lang='lat' dir='ltr'><strong>a</strong></span> <span class='ocrx_word' id='word_1_22' title='bbox 931 551 1196 604; x_wconf 60' lang='lat' dir='ltr'><strong>Perigueux,</strong></span> <span class='ocrx_word' id='word_1_23' title='bbox 1226 551 1266 592; x_wconf 91' lang='lat' dir='ltr'><strong>le</strong></span> <span class='ocrx_word' id='word_1_24' title='bbox 1295 554 1363 593; x_wconf 71' lang='lat'>‘10¹&#39;</span> <span class='ocrx_word' id='word_1_25' title='bbox 1393 553 1576 593; x_wconf 84' lang='lat' dir='ltr'>octobre</span> <span class='ocrx_word' id='word_1_26' title='bbox 1606 553 1739 601; x_wconf 77' lang='lat'><strong>13413</strong></span> <span class='ocrx_word' id='word_1_27' title='bbox 1771 561 1891 593; x_wconf 88' lang='lat' dir='ltr'><strong>mort</strong></span> <span class='ocrx_word' id='word_1_28' title='bbox 1921 567 1975 593; x_wconf 90' lang='lat' dir='ltr'><strong>en</strong></span> <span class='ocrx_word' id='word_1_29' title='bbox 2005 553 2131 592; x_wconf 83' lang='lat'><strong>1347.</strong></span> <span class='ocrx_word' id='word_1_30' title='bbox 2170 552 2279 592; x_wconf 89' lang='lat' dir='ltr'><em>Gall.</em></span> <span class='ocrx_word' id='word_1_31' title='bbox 2312 552 2474 606; x_wconf 66' lang='lat' dir='ltr'><strong>christ„</strong></span> 
     </span>
     <span class='ocr_line' id='line_1_4' title="bbox 450 614 2519 676; baseline -0.001 -11"><span class='ocrx_word' id='word_1_32' title='bbox 450 614 493 665; x_wconf 75' lang='lat' dir='ltr'><strong>&#39;t.</strong></span> <span class='ocrx_word' id='word_1_33' title='bbox 517 637 548 676; x_wconf 88' lang='lat'><strong>1,</strong></span> <span class='ocrx_word' id='word_1_34' title='bbox 571 623 651 664; x_wconf 90' lang='lat' dir='ltr'><strong>col.</strong></span> <span class='ocrx_word' id='word_1_35' title='bbox 675 623 884 670; x_wconf 80' lang='lat'><strong>363-3643</strong></span> <span class='ocrx_word' id='word_1_36' title='bbox 908 630 940 662; x_wconf 90' lang='lat' dir='ltr'><strong>t.</strong></span> <span class='ocrx_word' id='word_1_37' title='bbox 965 636 1015 674; x_wconf 87' lang='lat'><strong>11,</strong></span> <span class='ocrx_word' id='word_1_38' title='bbox 1038 623 1118 662; x_wconf 90' lang='lat' dir='ltr'><strong>col.</strong></span> <span class='ocrx_word' id='word_1_39' title='bbox 1142 623 1275 671; x_wconf 79' lang='lat'><strong>14783</strong></span> <span class='ocrx_word' id='word_1_40' title='bbox 1298 622 1509 675; x_wconf 73' lang='lat' dir='ltr'><strong>Albanes,</strong></span> <span class='ocrx_word' id='word_1_41' title='bbox 1538 623 1647 663; x_wconf 87' lang='lat' dir='ltr'><em>Gall.</em></span> <span class='ocrx_word' id='word_1_42' title='bbox 1672 623 1814 664; x_wconf 79' lang='lat' dir='ltr'><strong>christ.</strong></span> <span class='ocrx_word' id='word_1_43' title='bbox 1838 623 2014 675; x_wconf 64' lang='lat' dir='ltr'><strong>noviss„</strong></span> <span class='ocrx_word' id='word_1_44' title='bbox 2036 631 2068 664; x_wconf 88' lang='lat' dir='ltr'><strong>t.</strong></span> <span class='ocrx_word' id='word_1_45' title='bbox 2093 637 2124 675; x_wconf 87' lang='lat'><strong>1,</strong></span> <span class='ocrx_word' id='word_1_46' title='bbox 2147 622 2227 662; x_wconf 89' lang='lat' dir='ltr'><strong>col.</strong></span> <span class='ocrx_word' id='word_1_47' title='bbox 2264 622 2471 673; x_wconf 79' lang='lat'><strong>247-2483</strong></span> <span class='ocrx_word' id='word_1_48' title='bbox 2516 628 2519 633; x_wconf 89' lang='lat'>&#39;</span> 
     </span>
     <span class='ocr_line' id='line_1_5' title="bbox 460 693 1060 746; baseline -0.002 -12"><span class='ocrx_word' id='word_1_49' title='bbox 460 693 617 745; x_wconf 87' lang='lat' dir='ltr'><strong>Eubel,</strong></span> <span class='ocrx_word' id='word_1_50' title='bbox 641 693 782 745; x_wconf 65' lang='lat' dir='ltr'><strong>Hier„</strong></span> <span class='ocrx_word' id='word_1_51' title='bbox 808 701 840 733; x_wconf 89' lang='lat' dir='ltr'><strong>t.</strong></span> <span class='ocrx_word' id='word_1_52' title='bbox 867 707 898 744; x_wconf 86' lang='lat'><strong>1,</strong></span> <span class='ocrx_word' id='word_1_53' title='bbox 922 707 966 746; x_wconf 87' lang='lat' dir='ltr'><strong>p.</strong></span> <span class='ocrx_word' id='word_1_54' title='bbox 992 694 1060 733; x_wconf 89' lang='grc'><strong>95.</strong></span> 
     </span>
    </p>
   </div>
   <div class='ocr_carea' id='block_1_3' title="bbox 518 761 2228 885">
    <p class='ocr_par' dir='ltr' id='par_1_3' title="bbox 518 761 2228 885">
     <span class='ocr_line' id='line_1_6' title="bbox 518 761 2228 819; baseline 0 -15"><span class='ocrx_word' id='word_1_55' title='bbox 518 765 558 804; x_wconf 89' lang='grc'><strong>2.</strong></span> <span class='ocrx_word' id='word_1_56' title='bbox 590 762 823 805; x_wconf 89' lang='lat' dir='ltr'><strong>Excideuil</strong></span> <span class='ocrx_word' id='word_1_57' title='bbox 855 761 1145 816; x_wconf 85' lang='lat' dir='ltr'><strong>(Dordogne),</strong></span> <span class='ocrx_word' id='word_1_58' title='bbox 1175 763 1384 804; x_wconf 83' lang='lat' dir='ltr'><strong>chef-lieu</strong></span> <span class='ocrx_word' id='word_1_59' title='bbox 1413 765 1474 804; x_wconf 92' lang='lat' dir='ltr'><strong>du</strong></span> <span class='ocrx_word' id='word_1_60' title='bbox 1503 771 1643 819; x_wconf 56' lang='lat' dir='ltr'><strong>cant„</strong></span> <span class='ocrx_word' id='word_1_61' title='bbox 1673 765 1852 807; x_wconf 86' lang='lat' dir='ltr'><strong>arrond.</strong></span> <span class='ocrx_word' id='word_1_62' title='bbox 1881 765 1936 805; x_wconf 93' lang='lat' dir='ltr'><strong>de</strong></span> <span class='ocrx_word' id='word_1_63' title='bbox 1966 764 2228 817; x_wconf 75' lang='lat' dir='ltr'><strong>PerigueuX.</strong></span> 
     </span>
     <span class='ocr_line' id='line_1_7' title="bbox 518 833 996 885; baseline 0.002 -12"><span class='ocrx_word' id='word_1_64' title='bbox 518 834 558 874; x_wconf 92' lang='lat'><strong>3.</strong></span> <span class='ocrx_word' id='word_1_65' title='bbox 595 834 648 874; x_wconf 79' lang='lat' dir='ltr'><strong>N.</strong></span> <span class='ocrx_word' id='word_1_66' title='bbox 683 833 783 885; x_wconf 84' lang='lat'><strong>187,</strong></span> <span class='ocrx_word' id='word_1_67' title='bbox 815 840 923 874; x_wconf 87' lang='lat' dir='ltr'><strong>note</strong></span> <span class='ocrx_word' id='word_1_68' title='bbox 955 834 996 874; x_wconf 90' lang='lat'><strong>2.</strong></span> 
     </span>
    </p>
   </div>
   <div class='ocr_carea' id='block_1_4' title="bbox 518 904 990 957">
    <p class='ocr_par' dir='ltr' id='par_1_4' title="bbox 518 904 990 957">
     <span class='ocr_line' id='line_1_8' title="bbox 518 904 990 957; baseline -0.002 -11"><span class='ocrx_word' id='word_1_69' title='bbox 518 905 559 946; x_wconf 88' lang='lat'><strong>4.</strong></span> <span class='ocrx_word' id='word_1_70' title='bbox 594 905 648 945; x_wconf 92' lang='lat' dir='ltr'><strong>N.</strong></span> <span class='ocrx_word' id='word_1_71' title='bbox 681 904 781 957; x_wconf 85' lang='lat'><strong>143,</strong></span> <span class='ocrx_word' id='word_1_72' title='bbox 812 911 919 946; x_wconf 87' lang='lat' dir='ltr'><strong>note</strong></span> <span class='ocrx_word' id='word_1_73' title='bbox 950 905 990 945; x_wconf 89' lang='lat'><strong>6.</strong></span> 
     </span>
    </p>
   </div>
   <div class='ocr_carea' id='block_1_5' title="bbox 1310 1327 1616 1386">
    <p class='ocr_par' dir='ltr' id='par_1_5' title="bbox 1310 1327 1616 1386">
     <span class='ocr_line' id='line_1_9' title="bbox 1310 1327 1616 1386; baseline 0 0"><span class='ocrx_word' id='word_1_74' title='bbox 1310 1327 1616 1386; x_wconf 80' lang='lat'>—195—</span> 
     </span>
    </p>
   </div>
   <div class='ocr_carea' id='block_1_6' title="bbox 471 1489 2522 1730">
    <p class='ocr_par' dir='ltr' id='par_1_6' title="bbox 471 1489 2522 1730">
     <span class='ocr_line' id='line_1_10' title="bbox 544 1489 2479 1562; baseline -0.004 -15"><span class='ocrx_word' id='word_1_75' title='bbox 544 1497 591 1547; x_wconf 93' lang='lat' dir='ltr'><strong><em>A</em></strong></span> <span class='ocrx_word' id='word_1_76' title='bbox 628 1497 680 1548; x_wconf 86' lang='lat' dir='ltr'><strong>la</strong></span> <span class='ocrx_word' id='word_1_77' title='bbox 712 1494 882 1562; x_wconf 66' lang='lat' dir='ltr'><strong>priere</strong></span> <span class='ocrx_word' id='word_1_78' title='bbox 915 1492 975 1544; x_wconf 85' lang='lat' dir='ltr'><strong>de</strong></span> <span class='ocrx_word' id='word_1_79' title='bbox 1011 1493 1150 1543; x_wconf 86' lang='lat' dir='ltr'><strong>Jean</strong></span> <span class='ocrx_word' id='word_1_80' title='bbox 1179 1492 1494 1554; x_wconf 77' lang='lat' dir='ltr'><strong>Damoulin,</strong></span> <span class='ocrx_word' id='word_1_81' title='bbox 1515 1492 1833 1559; x_wconf 69' lang='lat' dir='ltr'><strong>inquisitam·</strong></span> <span class='ocrx_word' id='word_1_82' title='bbox 1892 1491 1952 1542; x_wconf 86' lang='lat' dir='ltr'><strong>de</strong></span> <span class='ocrx_word' id='word_1_83' title='bbox 2026 1491 2300 1553; x_wconf 79' lang='lat' dir='ltr'><strong>Toulouse,</strong></span> <span class='ocrx_word' id='word_1_84' title='bbox 2368 1489 2479 1541; x_wconf 60' lang='lat' dir='ltr'><strong>Cle-</strong></span> 
     </span>
     <span class='ocr_line' id='line_1_11' title="bbox 473 1573 2522 1642; baseline -0.004 -10"><span class='ocrx_word' id='word_1_85' title='bbox 473 1592 609 1633; x_wconf 83' lang='lat' dir='ltr'><strong>ment</strong></span> <span class='ocrx_word' id='word_1_86' title='bbox 647 1580 725 1631; x_wconf 93' lang='lat' dir='ltr'><strong>VI</strong></span> <span class='ocrx_word' id='word_1_87' title='bbox 757 1579 957 1629; x_wconf 73' lang='lat' dir='ltr'><strong>eoehorte</strong></span> <span class='ocrx_word' id='word_1_88' title='bbox 989 1578 1032 1627; x_wconf 83' lang='lat' dir='ltr'><strong>le</strong></span> <span class='ocrx_word' id='word_1_89' title='bbox 1063 1577 1141 1627; x_wconf 80' lang='lat' dir='ltr'><strong>roi</strong></span> <span class='ocrx_word' id='word_1_90' title='bbox 1172 1576 1450 1642; x_wconf 82' lang='lat' dir='ltr'><strong>d’Aragon</strong></span> <span class='ocrx_word' id='word_1_91' title='bbox 1479 1580 1512 1626; x_wconf 82' lang='grc' dir='ltr'><em>ἀ</em></span> <span class='ocrx_word' id='word_1_92' title='bbox 1542 1576 1678 1642; x_wconf 73' lang='lat' dir='ltr'><strong>faire</strong></span> <span class='ocrx_word' id='word_1_93' title='bbox 1709 1576 1873 1626; x_wconf 83' lang='lat' dir='ltr'><strong>saisir</strong></span> <span class='ocrx_word' id='word_1_94' title='bbox 1904 1577 1975 1626; x_wconf 81' lang='lat' dir='ltr'><strong>les</strong></span> <span class='ocrx_word' id='word_1_95' title='bbox 2020 1575 2302 1641; x_wconf 66' lang='lat' dir='ltr'><strong>he&#39;retiques</strong></span> <span class='ocrx_word' id='word_1_96' title='bbox 2321 1573 2480 1639; x_wconf 83' lang='lat' dir='ltr'><strong>origi·</strong></span> <span class='ocrx_word' id='word_1_97' title='bbox 2513 1603 2522 1609; x_wconf 58' lang='lat'><strong>·›</strong></span> 
     </span>
     <span class='ocr_line' id='line_1_12' title="bbox 471 1659 2476 1730; baseline -0.004 -13"><span class='ocrx_word' id='word_1_98' title='bbox 471 1667 647 1718; x_wconf 81' lang='lat' dir='ltr'><strong>naires</strong></span> <span class='ocrx_word' id='word_1_99' title='bbox 684 1666 756 1715; x_wconf 81' lang='lat' dir='ltr'><strong>du</strong></span> <span class='ocrx_word' id='word_1_100' title='bbox 799 1682 932 1730; x_wconf 78' lang='lat' dir='ltr'><strong>pays</strong></span> <span class='ocrx_word' id='word_1_101' title='bbox 983 1661 1286 1712; x_wconf 80' lang='lat' dir='ltr'><strong>toulousain</strong></span> <span class='ocrx_word' id='word_1_102' title='bbox 1337 1661 1565 1727; x_wconf 79' lang='lat' dir='ltr'><strong>re&#39;fugie&#39;s</strong></span> <span class='ocrx_word' id='word_1_103' title='bbox 1615 1680 1707 1711; x_wconf 80' lang='lat' dir='ltr'><strong>sur</strong></span> <span class='ocrx_word' id='word_1_104' title='bbox 1743 1679 1822 1711; x_wconf 80' lang='lat' dir='ltr'><strong>ses</strong></span> <span class='ocrx_word' id='word_1_105' title='bbox 1872 1672 2041 1711; x_wconf 82' lang='lat' dir='ltr'><strong>terres.</strong></span> <span class='ocrx_word' id='word_1_106' title='bbox 2096 1689 2166 1696; x_wconf 85' lang='lat'>—</span> <span class='ocrx_word' id='word_1_107' title='bbox 2211 1659 2476 1724; x_wconf 85' lang='lat' dir='ltr'><strong>Avignon,</strong></span> 
     </span>
    </p>
   </div>
   <div class='ocr_carea' id='block_1_7' title="bbox 469 1748 1054 1803">
    <p class='ocr_par' dir='ltr' id='par_1_7' title="bbox 469 1748 1054 1803">
     <span class='ocr_line' id='line_1_13' title="bbox 469 1748 1054 1803; baseline -0.007 0"><span class='ocrx_word' id='word_1_108' title='bbox 469 1751 530 1803; x_wconf 89' lang='lat'><strong>11</strong></span> <span class='ocrx_word' id='word_1_109' title='bbox 574 1750 859 1800; x_wconf 77' lang='lat' dir='ltr'><strong>decembre</strong></span> <span class='ocrx_word' id='word_1_110' title='bbox 902 1748 1054 1799; x_wconf 88' lang='grc'><strong>1344.</strong></span> 
     </span>
    </p>
   </div>
   <div class='ocr_carea' id='block_1_8' title="bbox 765 1877 2480 2006">
    <p class='ocr_par' dir='ltr' id='par_1_8' title="bbox 765 1877 2480 2006">
     <span class='ocr_line' id='line_1_14' title="bbox 829 1877 2480 1935; baseline -0.004 -11"><span class='ocrx_word' id='word_1_111' title='bbox 829 1883 935 1935; x_wconf 86' lang='lat' dir='ltr'><strong>Reg.</strong></span> <span class='ocrx_word' id='word_1_112' title='bbox 972 1882 1087 1933; x_wconf 66' lang='lat' dir='ltr'><strong>Van„</strong></span> <span class='ocrx_word' id='word_1_113' title='bbox 1119 1889 1152 1922; x_wconf 87' lang='lat' dir='ltr'><strong>t.</strong></span> <span class='ocrx_word' id='word_1_114' title='bbox 1187 1895 1423 1933; x_wconf 87' lang='lat' dir='ltr'><strong>cxxxv111,</strong></span> <span class='ocrx_word' id='word_1_115' title='bbox 1454 1880 1530 1922; x_wconf 84' lang='lat' dir='ltr'><strong>fol.</strong></span> <span class='ocrx_word' id='word_1_116' title='bbox 1563 1881 1662 1933; x_wconf 79' lang='lat'><strong>146,</strong></span> <span class='ocrx_word' id='word_1_117' title='bbox 1694 1895 1737 1921; x_wconf 88' lang='lat' dir='ltr'><strong>n.</strong></span> <span class='ocrx_word' id='word_1_118' title='bbox 1771 1894 2018 1929; x_wconf 82' lang='lat' dir='ltr'><strong>Dxxxvn13</strong></span> <span class='ocrx_word' id='word_1_119' title='bbox 2053 1880 2100 1921; x_wconf 91' lang='lat' dir='ltr'><strong>P.</strong></span> <span class='ocrx_word' id='word_1_120' title='bbox 2134 1880 2331 1932; x_wconf 86' lang='lat' dir='ltr'><strong>Mortier,</strong></span> <span class='ocrx_word' id='word_1_121' title='bbox 2378 1877 2480 1919; x_wconf 70' lang='lat' dir='ltr'><strong>His-</strong></span> 
     </span>
     <span class='ocr_line' id='line_1_15' title="bbox 765 1951 2425 2006; baseline -0.003 -9"><span class='ocrx_word' id='word_1_122' title='bbox 765 1955 870 1998; x_wconf 70' lang='lat' dir='ltr'><strong>toire</strong></span> <span class='ocrx_word' id='word_1_123' title='bbox 891 1954 963 1994; x_wconf 83' lang='lat' dir='ltr'><strong>des</strong></span> <span class='ocrx_word' id='word_1_124' title='bbox 984 1954 1158 1994; x_wconf 67' lang='lat' dir='ltr'><strong>maures</strong></span> <span class='ocrx_word' id='word_1_125' title='bbox 1180 1952 1396 2005; x_wconf 60' lang='lat' dir='ltr'><strong>ge&#39;ncssrawz:</strong></span> <span class='ocrx_word' id='word_1_126' title='bbox 1415 1952 1488 1992; x_wconf 87' lang='lat' dir='ltr'><strong>des</strong></span> <span class='ocrx_word' id='word_1_127' title='bbox 1507 1951 1638 2004; x_wconf 66' lang='lat' dir='ltr'><strong>freres</strong></span> <span class='ocrx_word' id='word_1_128' title='bbox 1658 1951 1900 2006; x_wconf 65' lang='lat' dir='ltr'><strong>precheurs,</strong></span> <span class='ocrx_word' id='word_1_129' title='bbox 1923 1959 1955 1993; x_wconf 82' lang='lat' dir='ltr'><strong>t.</strong></span> <span class='ocrx_word' id='word_1_130' title='bbox 1980 1965 2050 2004; x_wconf 85' lang='lat'><strong>111,</strong></span> <span class='ocrx_word' id='word_1_131' title='bbox 2072 1966 2115 2006; x_wconf 89' lang='lat' dir='ltr'><strong>p.</strong></span> <span class='ocrx_word' id='word_1_132' title='bbox 2140 1952 2238 2004; x_wconf 84' lang='lat'><strong>276,</strong></span> <span class='ocrx_word' id='word_1_133' title='bbox 2258 1958 2365 1992; x_wconf 87' lang='lat' dir='ltr'><strong>-note</strong></span> <span class='ocrx_word' id='word_1_134' title='bbox 2386 1951 2425 1992; x_wconf 89' lang='lat'><strong>2.</strong></span> 
     </span>
    </p>
   </div>
   <div class='ocr_carea' id='block_1_9' title="bbox 474 2072 2521 3835">
    <p class='ocr_par' dir='ltr' id='par_1_9' title="bbox 474 2072 2521 3835">
     <span class='ocr_line' id='line_1_16' title="bbox 546 2072 2481 2139; baseline -0.004 -9"><span class='ocrx_word' id='word_1_135' title='bbox 546 2077 834 2131; x_wconf 85' lang='lat' dir='ltr'><strong>Carissimo</strong></span> <span class='ocrx_word' id='word_1_136' title='bbox 876 2077 932 2127; x_wconf 93' lang='lat' dir='ltr'><strong>in</strong></span> <span class='ocrx_word' id='word_1_137' title='bbox 974 2075 1187 2126; x_wconf 88' lang='lat' dir='ltr'><strong>Christo</strong></span> <span class='ocrx_word' id='word_1_138' title='bbox 1234 2075 1343 2125; x_wconf 85' lang='lat' dir='ltr'><strong>filio</strong></span> <span class='ocrx_word' id='word_1_139' title='bbox 1389 2076 1549 2125; x_wconf 92' lang='lat' dir='ltr'><strong>Petro</strong></span> <span class='ocrx_word' id='word_1_140' title='bbox 1570 2072 1617 2137; x_wconf 77' lang='grc'><strong>1,</strong></span> <span class='ocrx_word' id='word_1_141' title='bbox 1647 2073 1760 2139; x_wconf 86' lang='lat' dir='ltr'><strong>regi</strong></span> <span class='ocrx_word' id='word_1_142' title='bbox 1801 2073 2118 2139; x_wconf 87' lang='lat' dir='ltr'><strong>Aragonum</strong></span> <span class='ocrx_word' id='word_1_143' title='bbox 2159 2073 2372 2124; x_wconf 82' lang='lat' dir='ltr'><strong>illustri.</strong></span> <span class='ocrx_word' id='word_1_144' title='bbox 2414 2100 2481 2110; x_wconf 92' lang='lat'>-</span> 
     </span>
     <span class='ocr_line' id='line_1_17' title="bbox 477 2159 2478 2226; baseline -0.003 -10"><span class='ocrx_word' id='word_1_145' title='bbox 477 2166 663 2216; x_wconf 83' lang='lat' dir='ltr'>Habet</span> <span class='ocrx_word' id='word_1_146' title='bbox 704 2162 965 2214; x_wconf 90' lang='lat' dir='ltr'><strong>memoria</strong></span> <span class='ocrx_word' id='word_1_147' title='bbox 1010 2161 1299 2212; x_wconf 85' lang='lat' dir='ltr'><strong>celebris...</strong></span> <span class='ocrx_word' id='word_1_148' title='bbox 1346 2161 1484 2211; x_wconf 89' lang='lat' dir='ltr'><strong>Sane</strong></span> <span class='ocrx_word' id='word_1_149' title='bbox 1527 2178 1701 2226; x_wconf 83' lang='lat' dir='ltr'><strong>nuper</strong></span> <span class='ocrx_word' id='word_1_150' title='bbox 1742 2159 1972 2210; x_wconf 92' lang='lat' dir='ltr'><strong>dilectus</strong></span> <span class='ocrx_word' id='word_1_151' title='bbox 2018 2159 2159 2210; x_wconf 90' lang='lat' dir='ltr'><strong>filius</strong></span> <span class='ocrx_word' id='word_1_152' title='bbox 2203 2159 2478 2211; x_wconf 86' lang='lat' dir='ltr'><strong>Johannes</strong></span> 
     </span>
     <span class='ocr_line' id='line_1_18' title="bbox 474 2243 2478 2310; baseline -0.003 -10"><span class='ocrx_word' id='word_1_153' title='bbox 474 2250 540 2300; x_wconf 91' lang='lat' dir='ltr'><strong>de</strong></span> <span class='ocrx_word' id='word_1_154' title='bbox 588 2247 899 2299; x_wconf 92' lang='lat' dir='ltr'><strong>Molendino</strong></span> <span class='ocrx_word' id='word_1_155' title='bbox 923 2246 961 2309; x_wconf 81' lang='lat'><strong>2,</strong></span> <span class='ocrx_word' id='word_1_156' title='bbox 1011 2245 1213 2297; x_wconf 87' lang='lat' dir='ltr'><strong>ordinis</strong></span> <span class='ocrx_word' id='word_1_157' title='bbox 1261 2245 1496 2296; x_wconf 83' lang='lat' dir='ltr'><strong>fratrum</strong></span> <span class='ocrx_word' id='word_1_158' title='bbox 1543 2244 1969 2310; x_wconf 79' lang='lat' dir='ltr'><strong>predicatorum,</strong></span> <span class='ocrx_word' id='word_1_159' title='bbox 1999 2243 2290 2310; x_wconf 80' lang='lat' dir='ltr'><strong>inquisitor</strong></span> <span class='ocrx_word' id='word_1_160' title='bbox 2334 2244 2478 2294; x_wconf 87' lang='lat' dir='ltr'><strong>here·</strong></span> 
     </span>
     <span class='ocr_line' id='line_1_19' title="bbox 474 2327 2477 2400; baseline -0.003 -16"><span class='ocrx_word' id='word_1_161' title='bbox 474 2335 581 2385; x_wconf 90' lang='lat' dir='ltr'><strong>tice</strong></span> <span class='ocrx_word' id='word_1_162' title='bbox 606 2332 900 2400; x_wconf 85' lang='lat' dir='ltr'><strong>pravitatis</strong></span> <span class='ocrx_word' id='word_1_163' title='bbox 925 2332 982 2382; x_wconf 88' lang='lat' dir='ltr'><strong>in</strong></span> <span class='ocrx_word' id='word_1_164' title='bbox 1007 2331 1256 2397; x_wconf 91' lang='lat' dir='ltr'><strong>partibus</strong></span> <span class='ocrx_word' id='word_1_165' title='bbox 1283 2329 1604 2380; x_wconf 89' lang='lat' dir='ltr'><strong>Tholosanis</strong></span> <span class='ocrx_word' id='word_1_166' title='bbox 1630 2329 1964 2380; x_wconf 90' lang='lat' dir='ltr'><strong>auctoritate</strong></span> <span class='ocrx_word' id='word_1_167' title='bbox 1989 2329 2290 2394; x_wconf 87' lang='lat' dir='ltr'><strong>apostolica</strong></span> <span class='ocrx_word' id='word_1_168' title='bbox 2315 2327 2477 2395; x_wconf 91' lang='lat' dir='ltr'><strong>depu-</strong></span> 
     </span>
     <span class='ocr_line' id='line_1_20' title="bbox 475 2410 2479 2482; baseline -0.003 -14"><span class='ocrx_word' id='word_1_169' title='bbox 475 2428 646 2482; x_wconf 86' lang='lat' dir='ltr'><strong>tatus,</strong></span> <span class='ocrx_word' id='word_1_170' title='bbox 676 2417 833 2468; x_wconf 90' lang='lat' dir='ltr'><strong>nobis</strong></span> <span class='ocrx_word' id='word_1_171' title='bbox 884 2415 1161 2467; x_wconf 88' lang='lat' dir='ltr'><strong>insinuare</strong></span> <span class='ocrx_word' id='word_1_172' title='bbox 1213 2414 1428 2466; x_wconf 89' lang='lat' dir='ltr'><strong>curavit</strong></span> <span class='ocrx_word' id='word_1_173' title='bbox 1480 2415 1626 2480; x_wconf 91' lang='lat' dir='ltr'><strong>quod</strong></span> <span class='ocrx_word' id='word_1_174' title='bbox 1677 2415 1927 2465; x_wconf 92' lang='lat' dir='ltr'><strong>nonnulli</strong></span> <span class='ocrx_word' id='word_1_175' title='bbox 1991 2413 2212 2480; x_wconf 84' lang='lat' dir='ltr'><strong>pessimi</strong></span> <span class='ocrx_word' id='word_1_176' title='bbox 2262 2410 2479 2463; x_wconf 89' lang='lat' dir='ltr'><strong>heretici</strong></span> 
     </span>
     <span class='ocr_line' id='line_1_21' title="bbox 477 2497 2500 2569; baseline -0.004 -15"><span class='ocrx_word' id='word_1_177' title='bbox 477 2520 774 2569; x_wconf 89' lang='lat' dir='ltr'><strong>eorumque</strong></span> <span class='ocrx_word' id='word_1_178' title='bbox 815 2501 1078 2560; x_wconf 87' lang='lat' dir='ltr'><strong>fautores,</strong></span> <span class='ocrx_word' id='word_1_179' title='bbox 1123 2501 1404 2550; x_wconf 91' lang='lat' dir='ltr'><strong>credentes</strong></span> <span class='ocrx_word' id='word_1_180' title='bbox 1447 2511 1502 2550; x_wconf 93' lang='lat' dir='ltr'><strong>et</strong></span> <span class='ocrx_word' id='word_1_181' title='bbox 1543 2517 1802 2566; x_wconf 86' lang='lat' dir='ltr'><strong>sequaces</strong></span> <span class='ocrx_word' id='word_1_182' title='bbox 1845 2499 1911 2548; x_wconf 92' lang='lat' dir='ltr'><strong>de</strong></span> <span class='ocrx_word' id='word_1_183' title='bbox 1953 2498 2210 2564; x_wconf 86' lang='lat' dir='ltr'><strong>predictis</strong></span> <span class='ocrx_word' id='word_1_184' title='bbox 2231 2497 2500 2564; x_wconf 63' lang='lat' dir='ltr'><strong>partibus⁴</strong></span> 
     </span>
     <span class='ocr_line' id='line_1_22' title="bbox 477 2582 2477 2650; baseline -0.004 -13"><span class='ocrx_word' id='word_1_185' title='bbox 477 2587 816 2650; x_wconf 81' lang='lat' dir='ltr'><strong>TholosaniS,</strong></span> <span class='ocrx_word' id='word_1_186' title='bbox 858 2587 953 2636; x_wconf 93' lang='lat' dir='ltr'><strong>ubi</strong></span> <span class='ocrx_word' id='word_1_187' title='bbox 991 2604 1115 2636; x_wconf 91' lang='lat' dir='ltr'><strong>suos</strong></span> <span class='ocrx_word' id='word_1_188' title='bbox 1156 2586 1488 2650; x_wconf 86' lang='lat' dir='ltr'><strong>dampnatos</strong></span> <span class='ocrx_word' id='word_1_189' title='bbox 1529 2603 1731 2634; x_wconf 89' lang='lat' dir='ltr'><strong>errores</strong></span> <span class='ocrx_word' id='word_1_190' title='bbox 1771 2594 1826 2634; x_wconf 94' lang='lat' dir='ltr'><strong>et</strong></span> <span class='ocrx_word' id='word_1_191' title='bbox 1866 2585 2075 2634; x_wconf 86' lang='lat' dir='ltr'><strong>hereses</strong></span> <span class='ocrx_word' id='word_1_192' title='bbox 2131 2582 2477 2634; x_wconf 83' lang='lat' dir='ltr'><strong>disseminare</strong></span> 
     </span>
     <span class='ocr_line' id='line_1_23' title="bbox 478 2668 2478 2736; baseline -0.005 -13"><span class='ocrx_word' id='word_1_193' title='bbox 478 2690 587 2722; x_wconf 93' lang='lat' dir='ltr'><strong>non</strong></span> <span class='ocrx_word' id='word_1_194' title='bbox 626 2672 740 2722; x_wconf 92' lang='lat' dir='ltr'><strong>sine</strong></span> <span class='ocrx_word' id='word_1_195' title='bbox 781 2670 990 2736; x_wconf 85' lang='lat' dir='ltr'><strong>magnis</strong></span> <span class='ocrx_word' id='word_1_196' title='bbox 1030 2670 1199 2736; x_wconf 92' lang='lat' dir='ltr'><strong>ipsius</strong></span> <span class='ocrx_word' id='word_1_197' title='bbox 1245 2669 1371 2719; x_wconf 90' lang='lat' dir='ltr'><strong>fidei</strong></span> <span class='ocrx_word' id='word_1_198' title='bbox 1409 2680 1464 2718; x_wconf 92' lang='lat' dir='ltr'><strong>et</strong></span> <span class='ocrx_word' id='word_1_199' title='bbox 1509 2669 1752 2718; x_wconf 79' lang='lat' dir='ltr'><strong>fidelium</strong></span> <span class='ocrx_word' id='word_1_200' title='bbox 1793 2668 2041 2734; x_wconf 86' lang='lat' dir='ltr'><strong>periculis</strong></span> <span class='ocrx_word' id='word_1_201' title='bbox 2062 2668 2379 2728; x_wconf 90' lang='lat' dir='ltr'><strong>moliuntur,</strong></span> <span class='ocrx_word' id='word_1_202' title='bbox 2418 2673 2478 2714; x_wconf 87' lang='lat' dir='ltr'><strong>ut</strong></span> 
     </span>
     <span class='ocr_line' id='line_1_24' title="bbox 479 2753 2480 2822; baseline -0.003 -16"><span class='ocrx_word' id='word_1_203' title='bbox 479 2775 673 2808; x_wconf 89' lang='lat' dir='ltr'><strong>manus</strong></span> <span class='ocrx_word' id='word_1_204' title='bbox 728 2755 1065 2822; x_wconf 88' lang='lat' dir='ltr'><strong>inquisitoris</strong></span> <span class='ocrx_word' id='word_1_205' title='bbox 1122 2754 1354 2821; x_wconf 86' lang='lat' dir='ltr'><strong>predicti</strong></span> <span class='ocrx_word' id='word_1_206' title='bbox 1408 2755 1644 2819; x_wconf 81' lang='lat' dir='ltr'><strong>effugere</strong></span> <span class='ocrx_word' id='word_1_207' title='bbox 1714 2754 1954 2815; x_wconf 88' lang='lat' dir='ltr'><strong>valeant,</strong></span> <span class='ocrx_word' id='word_1_208' title='bbox 2013 2753 2081 2802; x_wconf 87' lang='lat' dir='ltr'><strong>ad</strong></span> <span class='ocrx_word' id='word_1_209' title='bbox 2151 2763 2322 2802; x_wconf 89' lang='lat' dir='ltr'><strong>terras</strong></span> <span class='ocrx_word' id='word_1_210' title='bbox 2388 2760 2480 2799; x_wconf 79' lang='lat' dir='ltr'><strong>tue</strong></span> 
     </span>
     <span class='ocr_line' id='line_1_25' title="bbox 479 2835 2477 2906; baseline -0.004 -15"><span class='ocrx_word' id='word_1_211' title='bbox 479 2840 680 2891; x_wconf 90' lang='lat' dir='ltr'><strong>dicioni</strong></span> <span class='ocrx_word' id='word_1_212' title='bbox 714 2840 988 2891; x_wconf 84' lang='lat' dir='ltr'><strong>subiectas</strong></span> <span class='ocrx_word' id='word_1_213' title='bbox 1024 2857 1078 2890; x_wconf 85' lang='lat' dir='ltr'><strong>se</strong></span> <span class='ocrx_word' id='word_1_214' title='bbox 1113 2856 1238 2906; x_wconf 91' lang='lat' dir='ltr'><strong>sepe</strong></span> <span class='ocrx_word' id='word_1_215' title='bbox 1272 2839 1616 2890; x_wconf 86' lang='lat' dir='ltr'><strong>transferunt</strong></span> <span class='ocrx_word' id='word_1_216' title='bbox 1650 2849 1705 2888; x_wconf 87' lang='lat' dir='ltr'><strong>et</strong></span> <span class='ocrx_word' id='word_1_217' title='bbox 1738 2838 1968 2888; x_wconf 85' lang='lat' dir='ltr'><strong>latitant</strong></span> <span class='ocrx_word' id='word_1_218' title='bbox 2002 2837 2058 2888; x_wconf 94' lang='lat' dir='ltr'><strong>in</strong></span> <span class='ocrx_word' id='word_1_219' title='bbox 2091 2837 2311 2887; x_wconf 79' lang='lat' dir='ltr'><strong>eisdem.</strong></span> <span class='ocrx_word' id='word_1_220' title='bbox 2349 2835 2477 2885; x_wconf 88' lang='lat' dir='ltr'><strong>Cum</strong></span> 
     </span>
     <span class='ocr_line' id='line_1_26' title="bbox 478 2920 2478 2992; baseline -0.006 -12"><span class='ocrx_word' id='word_1_221' title='bbox 478 2936 666 2980; x_wconf 81' lang='lat' dir='ltr'><strong>autem</strong></span> <span class='ocrx_word' id='word_1_222' title='bbox 713 2925 972 2992; x_wconf 89' lang='lat' dir='ltr'><strong>expediat</strong></span> <span class='ocrx_word' id='word_1_223' title='bbox 1019 2942 1250 2992; x_wconf 84' lang='lat' dir='ltr'><strong>purgare</strong></span> <span class='ocrx_word' id='word_1_224' title='bbox 1296 2935 1467 2976; x_wconf 85' lang='lat' dir='ltr'><strong>terras</strong></span> <span class='ocrx_word' id='word_1_225' title='bbox 1517 2924 1720 2974; x_wconf 91' lang='lat' dir='ltr'><strong>eisdem</strong></span> <span class='ocrx_word' id='word_1_226' title='bbox 1768 2921 2017 2973; x_wconf 88' lang='lat' dir='ltr'><strong>hereticis</strong></span> <span class='ocrx_word' id='word_1_227' title='bbox 2065 2942 2127 2973; x_wconf 87' lang='lat' dir='ltr'><strong>ac</strong></span> <span class='ocrx_word' id='word_1_228' title='bbox 2160 2920 2478 2983; x_wconf 83' lang='lat' dir='ltr'><strong>fautoribus,</strong></span> 
     </span>
     <span class='ocr_line' id='line_1_27' title="bbox 480 3007 2494 3076; baseline -0.002 -16"><span class='ocrx_word' id='word_1_229' title='bbox 480 3010 825 3060; x_wconf 84' lang='lat' dir='ltr'><strong>credentibus</strong></span> <span class='ocrx_word' id='word_1_230' title='bbox 897 3020 953 3059; x_wconf 90' lang='lat' dir='ltr'><strong>et</strong></span> <span class='ocrx_word' id='word_1_231' title='bbox 1024 3010 1347 3076; x_wconf 91' lang='lat' dir='ltr'><strong>sequacibus</strong></span> <span class='ocrx_word' id='word_1_232' title='bbox 1420 3009 1756 3073; x_wconf 89' lang='lat' dir='ltr'><strong>eorumdem,</strong></span> <span class='ocrx_word' id='word_1_233' title='bbox 1828 3026 1895 3058; x_wconf 95' lang='lat' dir='ltr'><strong>ne</strong></span> <span class='ocrx_word' id='word_1_234' title='bbox 1967 3025 2060 3073; x_wconf 90' lang='lat' dir='ltr'><strong>per</strong></span> <span class='ocrx_word' id='word_1_235' title='bbox 2107 3007 2249 3072; x_wconf 88' lang='lat' dir='ltr'><strong>ipsos</strong></span> <span class='ocrx_word' id='word_1_236' title='bbox 2278 3014 2494 3061; x_wconf 71' lang='lat' dir='ltr'><strong>mentes,</strong></span> 
     </span>
     <span class='ocr_line' id='line_1_28' title="bbox 483 3091 2478 3161; baseline -0.003 -17"><span class='ocrx_word' id='word_1_237' title='bbox 483 3095 724 3144; x_wconf 83' lang='lat' dir='ltr'><strong>fidelium</strong></span> <span class='ocrx_word' id='word_1_238' title='bbox 780 3105 1220 3161; x_wconf 86' lang='lat' dir='ltr'><strong>corrumpantur,</strong></span> <span class='ocrx_word' id='word_1_239' title='bbox 1268 3094 1649 3145; x_wconf 84' lang='lat' dir='ltr'><strong>excellentiam</strong></span> <span class='ocrx_word' id='word_1_240' title='bbox 1695 3093 1899 3157; x_wconf 84' lang='lat' dir='ltr'><strong>regiam</strong></span> <span class='ocrx_word' id='word_1_241' title='bbox 1945 3091 2287 3157; x_wconf 89' lang='lat' dir='ltr'><strong>requirimus,</strong></span> <span class='ocrx_word' id='word_1_242' title='bbox 2332 3105 2478 3153; x_wconf 82' lang='lat' dir='ltr'><strong>roga-</strong></span> 
     </span>
     <span class='ocr_line' id='line_1_29' title="bbox 480 3174 2478 3242; baseline -0.004 -14"><span class='ocrx_word' id='word_1_243' title='bbox 480 3198 598 3229; x_wconf 88' lang='lat' dir='ltr'><strong>mus</strong></span> <span class='ocrx_word' id='word_1_244' title='bbox 629 3190 685 3228; x_wconf 90' lang='lat' dir='ltr'><strong>et</strong></span> <span class='ocrx_word' id='word_1_245' title='bbox 728 3179 784 3229; x_wconf 91' lang='lat' dir='ltr'><strong>in</strong></span> <span class='ocrx_word' id='word_1_246' title='bbox 831 3179 1064 3230; x_wconf 90' lang='lat' dir='ltr'><strong>Domino</strong></span> <span class='ocrx_word' id='word_1_247' title='bbox 1097 3179 1368 3230; x_wconf 79' lang='lat' dir='ltr'><strong>attentius</strong></span> <span class='ocrx_word' id='word_1_248' title='bbox 1427 3180 1787 3229; x_wconf 85' lang='lat' dir='ltr'><strong>exhortamur</strong></span> <span class='ocrx_word' id='word_1_249' title='bbox 1823 3177 2083 3242; x_wconf 84' lang='lat' dir='ltr'><strong>quatinus</strong></span> <span class='ocrx_word' id='word_1_250' title='bbox 2120 3174 2378 3226; x_wconf 84' lang='lat' dir='ltr'><strong>mandare</strong></span> <span class='ocrx_word' id='word_1_251' title='bbox 2419 3187 2478 3223; x_wconf 84' lang='lat' dir='ltr'><strong>ao</strong></span> 
     </span>
     <span class='ocr_line' id='line_1_30' title="bbox 479 3255 2476 3327; baseline -0.003 -16"><span class='ocrx_word' id='word_1_252' title='bbox 479 3262 664 3313; x_wconf 89' lang='lat' dir='ltr'><strong>iubere</strong></span> <span class='ocrx_word' id='word_1_253' title='bbox 696 3263 942 3314; x_wconf 91' lang='lat' dir='ltr'><strong>districte</strong></span> <span class='ocrx_word' id='word_1_254' title='bbox 974 3263 1308 3314; x_wconf 87' lang='lat' dir='ltr'><strong>officialibus</strong></span> <span class='ocrx_word' id='word_1_255' title='bbox 1353 3274 1409 3313; x_wconf 89' lang='lat' dir='ltr'><strong>et</strong></span> <span class='ocrx_word' id='word_1_256' title='bbox 1454 3263 1687 3314; x_wconf 89' lang='lat' dir='ltr'><strong>subditis</strong></span> <span class='ocrx_word' id='word_1_257' title='bbox 1735 3263 1844 3312; x_wconf 91' lang='lat' dir='ltr'><strong>suis</strong></span> <span class='ocrx_word' id='word_1_258' title='bbox 1864 3271 2135 3327; x_wconf 85' lang='lat' dir='ltr'><strong>procuret,</strong></span> <span class='ocrx_word' id='word_1_259' title='bbox 2185 3277 2280 3325; x_wconf 92' lang='lat' dir='ltr'><strong>pro</strong></span> <span class='ocrx_word' id='word_1_260' title='bbox 2300 3255 2476 3308; x_wconf 72' lang='lat' dir='ltr'><strong>divina</strong></span> 
     </span>
     <span class='ocr_line' id='line_1_31' title="bbox 481 3339 2477 3414; baseline -0.005 -17"><span class='ocrx_word' id='word_1_261' title='bbox 481 3358 535 3396; x_wconf 91' lang='lat' dir='ltr'><strong>ct</strong></span> <span class='ocrx_word' id='word_1_262' title='bbox 565 3347 862 3414; x_wconf 85' lang='lat' dir='ltr'><strong>apostolice</strong></span> <span class='ocrx_word' id='word_1_263' title='bbox 911 3347 1061 3398; x_wconf 85' lang='lat' dir='ltr'><strong>Sedis</strong></span> <span class='ocrx_word' id='word_1_264' title='bbox 1091 3348 1398 3399; x_wconf 88' lang='lat' dir='ltr'><strong>reverentia</strong></span> <span class='ocrx_word' id='word_1_265' title='bbox 1429 3349 1653 3414; x_wconf 90' lang='lat' dir='ltr'><strong>zeloque</strong></span> <span class='ocrx_word' id='word_1_266' title='bbox 1671 3347 1839 3414; x_wconf 89' lang='lat' dir='ltr'><strong>ipsius</strong></span> <span class='ocrx_word' id='word_1_267' title='bbox 1863 3346 2008 3410; x_wconf 83' lang='lat' dir='ltr'><strong>fidei,</strong></span> <span class='ocrx_word' id='word_1_268' title='bbox 2039 3344 2184 3410; x_wconf 82' lang='lat' dir='ltr'><strong>regia</strong></span> <span class='ocrx_word' id='word_1_269' title='bbox 2205 3339 2477 3400; x_wconf 89' lang='lat' dir='ltr'><strong>celsitudo,</strong></span> 
     </span>
     <span class='ocr_line' id='line_1_32' title="bbox 484 3426 2474 3496; baseline -0.005 -16"><span class='ocrx_word' id='word_1_270' title='bbox 484 3441 546 3481; x_wconf 88' lang='lat' dir='ltr'><strong>ut</strong></span> <span class='ocrx_word' id='word_1_271' title='bbox 575 3433 859 3496; x_wconf 88' lang='lat' dir='ltr'><strong>hereticos,</strong></span> <span class='ocrx_word' id='word_1_272' title='bbox 892 3433 1152 3495; x_wconf 86' lang='lat' dir='ltr'><strong>fautores,</strong></span> <span class='ocrx_word' id='word_1_273' title='bbox 1185 3434 1465 3483; x_wconf 90' lang='lat' dir='ltr'><strong>credentes</strong></span> <span class='ocrx_word' id='word_1_274' title='bbox 1497 3444 1552 3482; x_wconf 92' lang='lat' dir='ltr'><strong>et</strong></span> <span class='ocrx_word' id='word_1_275' title='bbox 1582 3433 1906 3484; x_wconf 87' lang='lat' dir='ltr'><strong>adherentes</strong></span> <span class='ocrx_word' id='word_1_276' title='bbox 1940 3429 2033 3496; x_wconf 90' lang='lat' dir='ltr'><strong>qui</strong></span> <span class='ocrx_word' id='word_1_277' title='bbox 2063 3428 2264 3479; x_wconf 82' lang='lat' dir='ltr'><strong>fuerint</strong></span> <span class='ocrx_word' id='word_1_278' title='bbox 2294 3426 2347 3475; x_wconf 93' lang='lat' dir='ltr'><strong>in</strong></span> <span class='ocrx_word' id='word_1_279' title='bbox 2378 3433 2474 3472; x_wconf 89' lang='lat' dir='ltr'><strong>ter·</strong></span> 
     </span>
     <span class='ocr_line' id='line_1_33' title="bbox 482 3502 2521 3583; baseline -0.005 -19"><span class='ocrx_word' id='word_1_280' title='bbox 482 3516 552 3564; x_wconf 84' lang='lat' dir='ltr'><strong>ris</strong></span> <span class='ocrx_word' id='word_1_281' title='bbox 588 3517 846 3581; x_wconf 87' lang='lat' dir='ltr'><strong>predictis</strong></span> <span class='ocrx_word' id='word_1_282' title='bbox 881 3517 1083 3583; x_wconf 89' lang='lat' dir='ltr'><strong>reperti</strong></span> <span class='ocrx_word' id='word_1_283' title='bbox 1116 3528 1170 3567; x_wconf 91' lang='lat' dir='ltr'><strong>et</strong></span> <span class='ocrx_word' id='word_1_284' title='bbox 1205 3517 1476 3567; x_wconf 85' lang='lat' dir='ltr'><strong>nominati</strong></span> <span class='ocrx_word' id='word_1_285' title='bbox 1511 3535 1604 3582; x_wconf 88' lang='lat' dir='ltr'><strong>per</strong></span> <span class='ocrx_word' id='word_1_286' title='bbox 1637 3517 1848 3566; x_wconf 89' lang='lat' dir='ltr'><strong>litteras</strong></span> <span class='ocrx_word' id='word_1_287' title='bbox 1883 3511 2219 3580; x_wconf 89' lang='lat' dir='ltr'><strong>inquisitoris</strong></span> <span class='ocrx_word' id='word_1_288' title='bbox 2254 3502 2476 3575; x_wconf 86' lang='lat' dir='ltr'><strong>predicti</strong></span> <span class='ocrx_word' id='word_1_289' title='bbox 2512 3533 2521 3540; x_wconf 89' lang='lat'><em>-</em></span> 
     </span>
     <span class='ocr_line' id='line_1_34' title="bbox 483 3587 2475 3668; baseline -0.005 -20"><span class='ocrx_word' id='word_1_290' title='bbox 483 3600 552 3649; x_wconf 90' lang='lat' dir='ltr'><strong>ad</strong></span> <span class='ocrx_word' id='word_1_291' title='bbox 598 3600 1011 3667; x_wconf 91' lang='lat' dir='ltr'><strong>requisitionem</strong></span> <span class='ocrx_word' id='word_1_292' title='bbox 1051 3602 1297 3668; x_wconf 83' lang='lat' dir='ltr'><strong>gentium</strong></span> <span class='ocrx_word' id='word_1_293' title='bbox 1335 3601 1673 3667; x_wconf 89' lang='lat' dir='ltr'><strong>inquisitoris</strong></span> <span class='ocrx_word' id='word_1_294' title='bbox 1713 3599 1955 3649; x_wconf 89' lang='lat' dir='ltr'><strong>ciusdem</strong></span> <span class='ocrx_word' id='word_1_295' title='bbox 2000 3595 2259 3657; x_wconf 85' lang='lat' dir='ltr'><strong>celeriter,</strong></span> <span class='ocrx_word' id='word_1_296' title='bbox 2316 3587 2475 3642; x_wconf 91' lang='lat' dir='ltr'><strong>fideli·</strong></span> 
     </span>
     <span class='ocr_line' id='line_1_35' title="bbox 484 3676 2476 3752; baseline -0.005 -21"><span class='ocrx_word' id='word_1_297' title='bbox 484 3693 566 3731; x_wconf 89' lang='lat' dir='ltr'><strong>ter</strong></span> <span class='ocrx_word' id='word_1_298' title='bbox 602 3693 657 3732; x_wconf 92' lang='lat' dir='ltr'><strong>et</strong></span> <span class='ocrx_word' id='word_1_299' title='bbox 695 3696 949 3751; x_wconf 88' lang='lat' dir='ltr'><strong>prompte</strong></span> <span class='ocrx_word' id='word_1_300' title='bbox 989 3687 1212 3752; x_wconf 85' lang='lat' dir='ltr'><strong>capiant</strong></span> <span class='ocrx_word' id='word_1_301' title='bbox 1253 3687 1339 3737; x_wconf 91' lang='lat' dir='ltr'><strong>vel</strong></span> <span class='ocrx_word' id='word_1_302' title='bbox 1380 3686 1501 3752; x_wconf 86' lang='lat' dir='ltr'><strong>capi</strong></span> <span class='ocrx_word' id='word_1_303' title='bbox 1542 3703 1636 3751; x_wconf 91' lang='lat' dir='ltr'><strong>per</strong></span> <span class='ocrx_word' id='word_1_304' title='bbox 1692 3695 1878 3749; x_wconf 86' lang='lat' dir='ltr'><strong>gentes</strong></span> <span class='ocrx_word' id='word_1_305' title='bbox 1938 3683 2082 3749; x_wconf 84' lang='lat' dir='ltr'><strong>ipsas</strong></span> <span class='ocrx_word' id='word_1_306' title='bbox 2142 3676 2476 3746; x_wconf 85' lang='lat' dir='ltr'><strong>permittant,</strong></span> 
     </span>
     <span class='ocr_line' id='line_1_36' title="bbox 484 3759 2477 3835; baseline -0.005 -21"><span class='ocrx_word' id='word_1_307' title='bbox 484 3765 558 3815; x_wconf 87' lang='lat' dir='ltr'><strong>eis</strong></span> <span class='ocrx_word' id='word_1_308' title='bbox 599 3785 761 3833; x_wconf 89' lang='lat' dir='ltr'><strong>super</strong></span> <span class='ocrx_word' id='word_1_309' title='bbox 800 3769 901 3821; x_wconf 90' lang='lat' dir='ltr'><strong>hiis</strong></span> <span class='ocrx_word' id='word_1_310' title='bbox 943 3780 998 3819; x_wconf 90' lang='lat' dir='ltr'><strong>et</strong></span> <span class='ocrx_word' id='word_1_311' title='bbox 1038 3789 1099 3822; x_wconf 90' lang='lat' dir='ltr'><strong>ea</strong></span> <span class='ocrx_word' id='word_1_312' title='bbox 1127 3771 1484 3835; x_wconf 83' lang='lat' dir='ltr'><strong>tangentibus</strong></span> <span class='ocrx_word' id='word_1_313' title='bbox 1530 3769 1834 3821; x_wconf 85' lang='lat' dir='ltr'><strong>assistendo</strong></span> <span class='ocrx_word' id='word_1_314' title='bbox 1879 3765 2131 3826; x_wconf 88' lang='lat' dir='ltr'><strong>consiliis,</strong></span> <span class='ocrx_word' id='word_1_315' title='bbox 2177 3759 2386 3813; x_wconf 86' lang='lat' dir='ltr'><strong>auxiliis</strong></span> <span class='ocrx_word' id='word_1_316' title='bbox 2425 3763 2477 3806; x_wconf 86' lang='lat' dir='ltr'><strong>et</strong></span> 
     </span>
    </p>
   </div>
  </div>
 </body>
</html>
