2540 4354
932 414 1076 448 seam
1124 415 1271 449 xxm
1976 395 2078 448 493

102 528 329 582 carceris
360 528 419 580 in
451 526 642 580 mortis
675 528 904 580 articulo
940 530 1305 582 constitutum
1338 540 1394 582 et
1427 530 1575 581 omni
1610 529 1846 585 humano
1881 528 2082 580 auxilio

97 611 450 674 destitutum,
467 621 693 679 propter
708 610 938 663 nimium
966 611 1196 677 rigorem
1226 623 1282 663 et
1323 611 1669 664 affectionem
1711 611 2082 663 inordinatam

51 697 58 754 J
93 692 437 761 inquisitoris
482 691 743 756 eiusdem,
790 693 1167 761 oportunitate
1213 703 1437 761 captata
1483 695 1553 745 ab
1597 694 1801 747 eisdem
1859 694 2081 745 carceri·

95 778 196 830 bus
246 777 482 843 aufugit,
532 795 627 828 seu
677 775 878 828 abinde
928 778 1132 843 absque
1182 777 1402 829 licentia
1453 777 1697 829 eiusdem
1746 776 2082 844 inquisitoris

93 859 286 914 exivit.
328 861 464 912 Cum
504 871 709 921 autem,
751 860 892 910 sicut
932 861 1120 910 eadem
1161 859 1355 927 petitio
1390 859 1772 925 subiungebat,
1805 860 2082 927 predictus

87 942 413 1009 ,domicellus
444 941 636 1008 suique
668 942 1041 1009 progenitores
1075 943 1141 992 ‹le
1174 944 1369 1009 quibus
1401 943 1562 993 duxit
1594 943 1855 1009 originem
1872 960 2084 1010 semper

91 1024 312 1078 fuerant
342 1024 458 1077 veri
488 1025 741 1076 catholici
773 1044 835 1075 ac
870 1026 981 1076 Deo
1013 1036 1069 1075 et
1100 1043 1322 1077 romane
1357 1025 1591 1076 Ecclesie
1625 1044 1919 1092 eorumque
1964 1043 2081 1092 pre·

90 1108 220 1162 latis
268 1119 581 1159 reverenter
629 1107 943 1159 obedientes
994 1119 1049 1159 et
1098 1109 1256 1159 nullis
1307 1126 1362 1160 se
1411 1109 1680 1159 erroribus
1730 1109 2080 1171 involvendo,

91 1190 316 1260 ipsoque
353 1191 669 1242 domicellus
708 1192 774 1241 de
810 1191 1080 1257 premissis
1118 1209 1329 1258 semper
1365 1192 1599 1241 doluerit
1648 1202 1705 1242 et
1753 1192 1939 1245 doleat
1988 1211 2079 1258 pa·

89 1283 353 1341 ratusque
394 1273 560 1326 fuerit
598 1286 654 1326 et
693 1274 763 1324 sit
803 1273 1167 1340 penitentiam
1208 1273 1432 1340 perinde
1448 1273 1551 1324 sibi
1569 1273 2080 1326 misericorditerin·

90 1355 471 1425 iungenda[m]
530 1359 733 1409 devote
793 1357 1061 1422 suscipere
1121 1369 1176 1408 et
1236 1375 1507 1423 peragere,
1566 1374 1777 1409 necnon
1834 1356 2077 1408 eiusdem

66 1435 329 1492 'Ecclesie
359 1458 520 1506 super
551 1441 626 1506 (a)
657 1442 759 1490 hoc
801 1450 1112 1490 reverenter
1157 1439 1377 1491 obedire
1434 1439 1725 1502 mandatis,
1769 1459 1866 1506 pro
1923 1452 2078 1507 parte

64 1516 226 1575 ‘dicti
269 1522 541 1574 domicelli
586 1522 691 1573 fuit
736 1522 891 1574 nobis
937 1521 1219 1573 humiliter
1263 1523 1631 1588 supplicatum
1678 1532 1740 1572 ut
1784 1522 1963 1588 ipsum
2008 1524 2079 1574 ab

89 1604 672 1658 excommunicationis
726 1606 1000 1658 sententia
1056 1606 1283 1670 aliisque
1353 1606 1586 1656 censuris
1643 1617 1699 1655 et
1766 1605 1916 1671 penis
1986 1625 2080 1672 per

89 1688 270 1758 ipsum
322 1687 747 1756 inquisitore[m]
800 1688 855 1739 in
908 1705 1031 1738 eum
1089 1699 1312 1755 propter
1364 1688 1622 1755 premissa
1675 1688 1906 1740 forsitan
1958 1708 2077 1755 pro·

92 1763 347 1837 mulgatis
385 1771 599 1822 absolvi
636 1772 914 1833 mandare,
953 1782 1008 1820 et
1046 1772 1178 1822 alias
1217 1791 1399 1822 secum
1439 1770 1522 1837 pie
1563 1790 1736 1835 agere,
1775 1771 1983 1837 sibique
2021 1781 2079 1822 et

80 1854 265 1908 'statui
299 1873 398 1906 suo
434 1854 803 1921 inpremissis
838 1865 1105 1921 oportune
1126 1856 1401 1906 consulere
1420 1856 1483 1905 de
1504 1854 1840 1918 benignitate
1858 1867 2076 1921 aposto·

83 1938 192 1992 lica
213 1938 581 2004 dignaremur.
605 1937 712 1989 Nos
732 1937 963 2002 igitur...
984 1937 1319 1988 fraternitati
1351 1947 1443 1987 tue
1475 1955 1569 2001 per
1612 1937 1908 2003 apostolica
1953 1938 2081 1989 scri-

76 2033 188 2088 'pta
220 2023 545 2073 mandamus
578 2020 857 2086 quatinus,
889 2020 1101 2071 vocatis
1121 2021 1267 2071 dicto
1299 2019 1618 2085 inquisitore
1650 2030 1705 2069 et
1722 2020 1838 2071 aliis
1855 2021 1949 2086 qui
1966 2022 2077 2071 fue-

87 2103 200 2158 rint
235 2103 523 2165 evocandi,
561 2105 606 2155 si
642 2105 720 2155 ita
756 2122 870 2155 esse
909 2103 1456 2171 reppereris‚dictum
1494 2103 1858 2165 domicellum,
1898 2104 1941 2154 si
1979 2104 2080 2154 hoc

127 2186 367 2240 umiliter
408 2186 647 2253 petierit,
689 2196 908 2252 recepto
954 2198 1141 2237 tamen
1185 2187 1331 2253 prius
1376 2186 1446 2236 ab
1488 2206 1550 2238 eo
1581 2185 1885 2237 iuramento
1931 2188 2074 2251 quod

87 2271 156 2325 de
201 2281 380 2322 cetero
428 2269 559 2321 talia
606 2288 716 2321 non
766 2270 1094 2331 committet,
1143 2288 1241 2320 nec
1289 2269 1762 2320 committentibus
1809 2269 2078 2336 prestabit

121 2353 394 2415 cnsilium,
434 2352 718 2414 auxilium,
761 2354 847 2403 vel
889 2353 1150 2414 favorem,
1192 2354 1262 2402 ab
1304 2353 1615 2403 huiusmodi
1643 2352 2078 2402 excommunica-

118 2434 251 2487 ‘onis
294 2435 565 2486 sententia
607 2436 859 2486 absolvas
904 2437 1003 2486 hac
1046 2436 1160 2486 vice
1201 2436 1479 2486 duntaxat
1517 2435 1847 2486 auctoritate
1887 2446 2075 2485 nostra

108 2536 145 2571 n
174 2519 350 2583 forma
379 2518 601 2569 ecclesie
632 2530 911 2579 consueta,
943 2518 1169 2568 inuncta
1200 2517 1305 2568 sibi
1333 2536 1427 2584 pro
1461 2519 1621 2568 modo
1653 2507 2074 2583 oulpe'peniten-

119 2600 131 2612 ⁰
196 2601 451 2662 salutari3
483 2611 539 2651 et
571 2601 687 2652 aliis
723 2620 826 2666 que
859 2602 924 2652 de
958 2601 1069 2652 iure
1102 2601 1305 2651 fuerint
1335 2601 1695 2666 iniungenda3
1728 2617 1939 2651 necnon
1973 2600 2078 2651 sibi

146 2684 295 2735 laxes
344 2682 524 2752 alia[s]
589 2702 755 2751 penas
821 2694 876 2734 et
940 2702 1192 2735 censuras
1256 2683 1582 2743 antedictas,
1649 2682 1844 2748 quibus
1906 2683 2075 2734 etiam

101 2759 115 2826 ξ,
154 2777 311 2833 opter
348 2765 608 2834 premissa
648 2767 831 2819 forsan
871 2766 1057 2817 extitit
1096 2766 1356 2816 irretituS.
1403 2767 1474 2816 Et
1511 2763 1892 2816 nichilominus
1945 2783 2074 2817 eun.

128 2867 215 2902 om
248 2848 642 2918 domicellu[m]
672 2850 729 2902 in
763 2868 889 2900 casu
908 2867 1013 2915 quo
1053 2848 1223 2900 fidelis
1239 2860 1297 2899 et
1315 2848 1611 2900 catholicus
1631 2867 1725 2914 per
1757 2859 1811 2900 te
1843 2848 2074 2915 reperia-

114 2952 196 2998 ur,
234 2952 302 2986 ne
342 2935 409 2985 de
450 2944 627 2986 cetero
670 2934 949 2988 occasione
992 2932 1380 3000 premissorum
1419 2935 1489 2984 ab
1528 2933 1721 2983 eodem
1751 2932 2076 2998 inquisitore

124 3032 264 3083 oque
311 3018 381 3069 ab
429 3015 544 3068 aliis
595 3017 914 3068 molestetur
960 3017 1190 3070 efficacis
1239 3015 1566 3067 defensionis
1614 3015 1817 3067 auxilio
1850 3018 2073 3067 studeas

150 3098 357 3161 sistere,
388 3110 444 3151 et
473 3101 692 3151 aboleas
723 3100 892 3152 etiam
923 3117 1140 3151 omnem
1172 3098 1393 3150 infamie
1425 3098 1693 3149 maculam
1725 3098 1837 3148 sive
1882 3110 2072 3150 notam

123 3236 125 3239 ,
158 3183 380 3251 ripsum
397 3182 744 3234 domicellum
778 3183 1163 3252 premissorum
1198 3182 1477 3233 occasione
1512 3190 1878 3245 contractam3
1910 3200 2074 3249 super

128 3265 209 3334 ''is
258 3266 552 3319 antedictis
605 3265 859 3319 hincinde
910 3266 1201 3333 propositis
1253 3267 1399 3331 quod
1430 3264 1634 3316 iustum
1685 3264 1869 3326 fuerit,
1899 3266 2068 3318 etiam

158 3368 213 3402 m
252 3349 601 3406 restitutione
647 3350 934 3411 bonorum,
990 3347 1396 3410 iurisdictionis,
1453 3365 1664 3399 necnon
1708 3365 1967 3399 censuum
2013 3359 2069 3399 et

126 3431 401 3490 ‚ddituum
446 3431 551 3484 sibi
596 3434 947 3484 abblatorum
999 3433 1337 3498 prefatorum
1405 3449 1499 3497 per
1542 3430 1750 3482 dictum
1792 3430 2079 3496 inquisito-

148 3532 221 3577 m,
257 3523 320 3565 ut
356 3515 643 3581 prefertur,
682 3534 777 3582 per
812 3525 866 3566 te
905 3514 1166 3567 citatione
1205 3512 1394 3580 previa
1427 3511 1673 3564 facienda
1693 3513 2064 3579 appellatione

123 3587 299 3669 ⁴jrmota
349 3597 634 3661 decernas3
683 3596 888 3655 faciens
939 3599 1083 3664 quod
1133 3594 1438 3648 decreveris
1489 3614 1584 3662 per
1605 3611 1885 3645 censuram
1903 3595 2076 3647 eccle·

156 3743 214 3803 (a)
231 3744 333 3789 Mn.
353 3760 364 3787 ε
400 3754 574 3804 semper.
