2540 4354
419 372 521 422 220
805 388 1091 420 Burrum-3
1133 389 1207 419 DE
1251 370 1666 430 L’INQUISITION
1710 388 2027 432 FRANQAlsss

1235 628 1312 637 —
1353 594 1572 653 145—

487 760 557 809 Le
589 776 726 825 pape
757 758 986 808 ordonne
1019 776 1089 807 au
1125 756 1361 808 ministre
1395 759 1601 823 ge'ne'ral
1632 759 1716 809 des
1747 758 1903 823 freres
1925 758 2167 808 mineurs
2200 758 2258 808 de
2289 776 2412 808 rece-

415 844 525 894 woir
561 844 697 893 dans
733 861 830 892 son
866 842 1011 892 ordre
1049 842 1378 907 Barthelemy
1415 844 1660 907 Brugere,
1697 842 1838 907 jadis
1875 842 2135 907 fraticelle,
2175 843 2415 909 partisan

413 929 471 978 de
513 927 808 992 l’antipape
851 925 1031 976 Pierre
1073 926 1132 975 de
1174 927 1435 988 Corbiere‚
1480 928 1767 978 condamm}
1809 946 1907 993 par
1948 927 2328 994 l'Inquisition,
2372 938 2415 977 et

410 1014 715 1061 recomment
757 1010 950 1059 absous
993 1028 1114 1059 sous
1158 1010 1427 1060 condition
1469 1010 1600 1077 qu'il
1641 1011 1990 1062 continuerait
2031 1014 2063 1060 ὰ
2105 1011 2280 1077 expier-
2321 1031 2414 1061 son

411 1095 570 1145 crime
597 1095 715 1145 hors
744 1094 802 1144 de
828 1112 889 1144 sa
914 1094 1115 1160 prison.
1147 1094 1319 1160 Apres
1347 1095 1482 1145 deux
1507 1099 1715 1157 anndes,
1745 1095 1832 1145 s’il
1856 1099 2134 1161 persevere,
2165 1096 2204 1145 il
2219 1114 2414 1162 pourra

410 1184 511 1229 &tre
559 1179 786 1229 readmis
832 1181 865 1228 ἀ
910 1179 962 1228 la
1007 1178 1321 1229 ce'le'bration
1366 1179 1452 1229 des
1498 1180 1666 1230 saints
1715 1185 1954 1246 mysteres
1972 1178 2008 1230 ¹.
2057 1180 2414 1245 —Avignon,

413 1265 472 1314 11
513 1263 652 1314 avril
690 1263 839 1314 1335.

759 1395 863 1447 Reg.
896 1394 1009 1447 Vat„
1042 1404 1074 1439 t.
1103 1410 1226 1448 cmx,
1251 1412 1292 1440 n.
1321 1397 1426 1448 456;
1456 1396 1562 1449 Reg.
1589 1398 1740 1449 Auen„
1761 1404 1794 1438 t.
1841 1393 1870 1450 i,
1895 1397 1969 1439 fol.
2010 1396 2091 1438 248
2110 1400 2186 1447 v⁰;
2229 1395 2413 1447 Riezler,

709 1464 1015 1508 Vatikanische
1034 1467 1188 1518 Akten,
1220 1482 1260 1509 n.
1294 1466 1419 1509 1722.

482 1590 693 1641 Dilecto
743 1590 850 1639 filio
896 1627 926 1638 ..
954 1589 973 1619 2
1020 1588 1269 1638 ministro
1319 1589 1553 1653 generali
1600 1589 1799 1641 ordinis
1847 1591 2079 1640 fratrum
2127 1589 2414 1652 minorum,

411 1678 665 1727 salutem.
719 1705 787 1711 —
838 1674 1188 1741 Compatiens
1240 1685 1294 1725 et
1345 1676 1645 1726 misericors
1696 1675 1752 1726 in
1801 1675 1908 1726 suis
1960 1675 2172 1725 actibus
2224 1685 2413 1726 sancta

412 1773 590 1812 mater
629 1761 868 1811 Ecclesia
912 1760 1031 1810 filiis
1070 1755 1461 1811 excedentibus
1481 1771 1535 1810 et
1566 1761 1743 1811 deliris
1782 1761 1995 1811 mavult
2033 1769 2315 1811 mansuete
2353 1777 2412 1810 ac

411 1849 657 1898 modeste
689 1847 965 1912 ignoscere
997 1865 1163 1912 quam
1193 1846 1249 1896 in
1279 1864 1367 1896 eos
1399 1846 1566 1911 rigide
1600 1846 1820 1896 ultionis
1851 1845 2112 1896 iudicium
2143 1863 2412 1906 exercere3

407 1945 540 1983 tunc
582 1932 726 1983 enim
769 1933 838 1982 ad
882 1930 1244 1982 miserationis
1290 1931 1635 1982 clementiam
1679 1931 1899 1998 pronius
1943 1930 2236 1982 inclinatur
2292 1950 2412 1981 cum

412 2018 648 2084 amplius
699 2018 763 2067 de
811 2035 939 2066 vera
991 2016 1094 2066 oris
1145 2017 1480 2066 confessione
1530 2016 1795 2082 presumit
1841 2027 1896 2066 et
1959 2017 2024 2066 de
2087 2016 2411 2066 contritione

411 2103 585 2154 cordis
642 2102 835 2153 humili
887 2101 1197 2152 evidentius
1254 2102 1668 2168 comprehendit
1722 2113 1777 2152 et
1855 2102 2138 2169 presertim
2193 2111 2410 2167 peracta

408 2188 708 2254 penitentia
751 2186 992 2237 salutari.
1030 2189 1282 2237 Porrecta
1324 2186 1592 2252 siquidem
1633 2187 1787 2237 nobis
1830 2187 2012 2237 dilecti
2055 2186 2149 2236 filii
2181 2187 2407 2237 Bartho-

407 2273 565 2324 lemei
615 2272 888 2338 Brugerie,
956 2270 1166 2322 Albien.
1223 2271 1466 2333 diocesiS,
1521 2272 1808 2337 presbiteri
1860 2272 1943 2322 tui
1981 2271 2180 2322 ordinis
2209 2272 2408 2338 profes-

407 2358 558 2422 soris,
589 2357 782 2424 petitio
815 2357 1135 2408 continebat
1166 2358 1311 2422 quod
1331 2358 1558 2417 dudum,
1580 2358 1776 2423 protho
1799 2357 1914 2424 (sic)
1949 2356 2132 2407 dolor!
2167 2367 2409 2422 tempore

409 2461 514 2508 quo
549 2442 603 2492 in
639 2441 1143 2494 abhominationem
1178 2441 1276 2491 Dei
1310 2453 1365 2491 et
1399 2443 1718 2493 scandalum
1754 2452 1939 2493 sancte
1957 2441 2145 2493 matris
2178 2440 2407 2492 Ecclesie

412 2531 581 2579 Rome
621 2528 725 2577 fuit
762 2538 1003 2578 erectum
1041 2530 1111 2578 ab
1148 2525 1327 2593 impiis
1366 2538 1421 2577 et
1462 2527 1580 2577 filiis
1634 2528 1821 2578 Bellial
1871 2527 2220 2577 simulacrum
2273 2526 2409 2578 anti-

408 2632 566 2679 pape,
621 2613 798 2662 dictus
853 2613 1272 2663 Bartholomeus
1328 2612 1524 2662 dilecto
1583 2612 1691 2661 filio
1746 2612 2054 2679 inquisitori
2107 2609 2301 2661 heresis
2355 2611 2408 2661 in

409 2700 797 2749 Carcassonen.
847 2698 1096 2763 partibus
1146 2697 1336 2748 extitit
1383 2708 1672 2749 accusatus
1720 2708 1775 2748 et
1823 2715 1917 2764 per
1963 2715 2087 2747 eum
2137 2698 2204 2748 ad
2253 2716 2407 2746 suum

408 2801 676 2833 carcerem
706 2782 761 2832 in
792 2801 989 2847 penam
1019 2782 1186 2847 ipsius
1217 2781 1589 2833 Bartholomei
1634 2801 1727 2848 per
1769 2782 2114 2849 septennium
2161 2783 2406 2831 condem-

407 2878 628 2931 pnatus,
668 2886 763 2933 pro
803 2885 863 2916 eo
905 2868 1051 2932 quod
1088 2866 1144 2916 in
1183 2868 1423 2932 quadam
1462 2867 1683 2917 ecclesia
1703 2867 1845 2918 dicte
1865 2867 2087 2917 diocesis
2107 2866 2162 2916 in
2195 2865 2406 2932 publica

407 2951 780 3017 predicatione
828 2951 1044 3003 dixerat
1092 2952 1238 3018 quod
1283 2970 1469 3003 rumor
1515 2963 1632 3003 erat
1681 2953 1826 3017 quod
1874 2953 1980 3002 duo
2028 2962 2193 3002 erant
2253 2968 2407 3017 pape,

405 3055 545 3086 unus
587 3034 846 3086 Avinioni
882 3046 937 3085 et
975 3035 1111 3085 alius
1148 3035 1202 3086 in
1242 3036 1388 3086 dicta
1430 3039 1605 3087 Roma
1658 3055 1823 3102 quam
1868 3034 2167 3102 imperator
2211 3035 2409 3084 fecerat

409 3119 525 3169 fieri
551 3130 608 3169 et
635 3138 731 3186 pro
762 3137 867 3186 quo
898 3137 1085 3170 eorum
1112 3119 1225 3186 ipse
1253 3131 1308 3169 et
1327 3139 1452 3171 eum
1471 3131 1604 3170 tunc
1623 3120 1905 3171 audientes
1942 3138 2092 3170 orare
2130 3121 2404 3176 deberent,

406 3222 475 3253 an
513 3223 609 3270 pro
646 3204 737 3254 illo
776 3205 869 3270 qui
904 3205 1180 3256 existebat
1217 3204 1492 3267 Avinioni,
1529 3206 1617 3255 vel
1651 3224 1747 3272 pro
1784 3223 1845 3254 eo
1884 3205 1977 3270 qui
2011 3215 2127 3254 erat
2162 3203 2215 3253 in
2265 3202 2405 3253 dicta

410 3292 612 3350 Roma3
669 3290 773 3355 ipsi
829 3290 1114 3340 audientes
1173 3290 1380 3340 dictam
1437 3309 1593 3341 suam
1650 3290 2078 3356 predicationem
2135 3289 2406 3346 viderent3

403 3375 496 3423 sed
538 3390 663 3422 cum
703 3374 927 3424 fortiore
969 3375 1082 3441 ipse
1124 3394 1186 3425 ac
1227 3375 1361 3425 dicti
1402 3376 1686 3426 audientes
1707 3393 1759 3425 se
1778 3385 1959 3424 tenere
2003 3373 2292 3424 debebant.
2338 3371 2406 3420 Et

405 3457 459 3507 in
493 3458 635 3508 festo
669 3459 819 3509 beati
851 3459 1078 3510 Antonii
1102 3458 1123 3488 ³
1153 3458 1395 3510 eiusdem
1430 3460 1629 3510 ordinis
1663 3461 1733 3511 ad
1767 3461 1912 3526 quod
1944 3459 2138 3509 fratres
2171 3456 2405 3525 predica-

404 3552 552 3591 tores
593 3553 861 3593 venerant
899 3543 1043 3594 idem
1082 3545 1500 3595 Bartholomeus
1542 3563 1665 3594 cum
1705 3545 1917 3596 duobus
1956 3544 2196 3610 ipsorum
2235 3538 2404 3607 predi-

405 3636 660 3676 catorum
701 3626 757 3676 in
800 3627 1041 3693 capitulo
1085 3628 1299 3678 dixerat
1341 3629 1486 3694 quod
1529 3629 1749 3694 quando
1791 3629 1971 3678 fuerat
2010 3627 2064 3677 in
2118 3627 2206 3676 illo
2247 3642 2404 3691 passu

407 3709 563 3759 misse
606 3710 659 3759 in
704 3729 808 3775 quo
855 3723 1041 3762 oratur
1084 3730 1177 3778 pro
1223 3713 1442 3762 domino
1487 3731 1647 3778 papa,
1693 3712 1795 3763 sibi
1819 3712 2090 3762 acciderat
2127 3708 2386 3775 cogitatio

408 3811 504 3857 pro
544 3812 648 3857 quo
685 3795 923 3846 debebat
959 3815 1128 3857 orare,
1165 3815 1234 3846 an
1271 3815 1365 3862 pro
1402 3796 1682 3847 verissimo
1719 3796 1916 3847 Christi
1950 3796 2150 3846 vicario
2184 3811 2404 3845 romano
