2540 4354
412 374 478 426 38
801 390 1090 425 BULLAIRE
1134 390 1209 423 nn
1251 371 1670 432 L’mouisxuort
1714 387 2037 432 FRANcnsE

469 502 510 543 2.
542 499 705 543 Michel
727 498 939 541 Lemoine
963 505 1032 541 est
1054 504 1237 541 surtout
1259 497 1430 539 celebre
1452 509 1535 549 par
1557 496 1619 538 les
1643 494 1899 551 poursuites
1923 495 2035 551 qu'il
2077 509 2235 550 exerca
2280 505 2432 542 contre

412 585 461 613 ce
486 584 654 626 groupe
678 571 732 611 de
756 569 983 624 religieux.
1013 568 1048 609 Il
1073 567 1225 609 s’etait
1249 566 1473 608 d’ailleurs
1498 567 1705 620 toujours
1729 567 1906 607 montre
1930 567 2082 608 severe
2106 582 2222 622 pour
2243 568 2305 610 les
2344 568 2435 624 spi-

411 641 581 683 rituels.
605 640 667 681 Le
689 641 741 681 13
765 638 912 693 juillet
932 638 1060 690 1312,
1082 637 1112 677 il
1134 637 1208 678 fut
1229 636 1314 678 cite
1338 651 1421 691 par
1443 636 1645 677 Clement
1665 635 1706 676 V
1727 649 1838 677 avec
1874 635 1903 677 J
1907 650 1991 677 ean
2029 636 2079 677 de
2129 637 2333 691 Verunis,
2369 638 2436 680 in-

414 710 634 766 quisiteur
676 710 730 751 de
760 709 1002 760 Provence,
1029 707 1070 748 le
1099 704 1347 761 provincial
1376 712 1422 746 et
1450 705 1648 746 d’autres
1677 704 1812 747 freres
1840 705 2036 747 mineurs
2065 707 2121 747 de
2147 708 2190 748 la
2208 707 2434 761 province,

417 795 534 836 pour
560 780 779 834 repondre
807 780 884 820 des
911 777 1120 818 mauvais
1149 776 1434 818 traitements
1463 775 1596 828 qu’ils
1624 775 1810 817 avaient
1836 776 1923 818 fait
1949 776 2075 818 subir
2101 777 2128 816 a
2156 777 2353 819 certains
2380 778 2434 820 de

416 866 487 894 ces
528 849 780 893 fraticelles.
809 849 872 890 Le
899 861 1017 902 pape
1042 848 1105 888 les
1133 846 1413 899 gourmanda
1441 858 1496 886 en
1523 844 1644 898 plein
1671 845 1931 888 consistoire
1959 853 2006 888 et
2033 847 2235 889 ordonna
2262 861 2349 901 que
2374 848 2436 891 les

417 923 538 963 deux
571 919 862 974 inquisiteurs
882 918 1059 960 fussent
1078 916 1314 970 revoques.
1335 916 1502 967 Regest.
1526 914 1659 956 Clem.
1685 915 1724 956 V
1749 914 1834 969 (ed.
1855 914 2039 969 Vatic.),
2060 931 2104 958 n.
2124 917 2257 967 8851;
2278 917 2433 970 Eubel,

415 991 585 1034 Bullar.
621 991 777 1045 (rana,
800 996 834 1030 t.
859 1002 904 1042 V,
927 1002 970 1028 n.
997 987 1078 1027 203
1103 994 1149 1028 et
1171 993 1277 1026 note
1301 986 1341 1026 8.
1370 985 1405 1026 Il
1429 992 1498 1026 est
1519 985 1736 1039 probable
1759 998 1847 1040 que
1870 993 1989 1027 cette
2010 1000 2185 1028 mesure
2207 987 2335 1029 n’eut
2356 1001 2437 1043 pas

416 1061 472 1102 de
512 1058 668 1111 suites,
696 1073 755 1099 ou
782 1057 943 1112 qu’elle
970 1056 1043 1097 fut
1070 1070 1159 1111 peu
1186 1057 1315 1109 apres
1331 1053 1504 1107 retiree,
1522 1054 1729 1108 puisque‚
1750 1068 1805 1096 en
1820 1055 1948 1108 1317,
1969 1055 2355 1098 MichelLemoine
2372 1065 2439 1099 est

417 1130 575 1185 appele
598 1130 624 1169 a
647 1127 782 1183 punir
802 1127 864 1169 les
887 1125 1124 1167 fraticelles
1170 1126 1284 1166 dont
1325 1123 1356 1165 il
1406 1131 1475 1166 est
1523 1123 1732 1178 question
1777 1126 1888 1167 dans
1933 1127 1977 1167 la
2021 1127 2227 1180 presente
2287 1126 2432 1169 lettre.

416 1198 740 1253 L’inquisiteur
787 1196 1033 1252 s’acquitta
1101 1195 1292 1236 d’abord
1338 1195 1394 1235 de
1445 1208 1495 1235 sa
1545 1194 1806 1236 missionva
1881 1196 2050 1249 l’egard
2120 1197 2196 1238 des
2278 1195 2438 1250 princi·

416 1284 540 1326 paux
567 1269 810 1323 coupables
837 1266 947 1321 qu’il
974 1267 1108 1319 jugea
1135 1272 1182 1307 et
1208 1265 1462 1307 condamna
1490 1278 1544 1305 en
1571 1265 1684 1306 1318
1716 1264 1830 1319 (voir
1859 1266 2191 1319 Introduction,
2217 1267 2294 1308 loc.
2321 1266 2429 1321 6ἰί.),

417 1340 517 1395 puis
542 1339 573 1382 il
595 1352 642 1381 se
665 1338 752 1380 mit
774 1339 802 1380 a
825 1337 1085 1380 rechercher
1107 1337 1225 1379 leurs
1250 1334 1475 1390 partisans
1501 1341 1548 1377 et
1569 1336 1687 1378 leurs
1712 1336 1985 1388 defenseurs‚
2010 1337 2122 1379 dans
2146 1337 2208 1378 les
2234 1336 2428 1381 diverses

418 1409 653 1465 provinces
709 1409 764 1450 de
804 1407 980 1449 l’ordre.
1023 1405 1150 1447 Voici
1190 1405 1233 1447 la
1273 1406 1406 1446 lettre
1447 1405 1557 1460 qu’il
1598 1406 1778 1448 adressa
1815 1421 1874 1447 au
1940 1406 2189 1461 provincial
2230 1407 2285 1448 de
2333 1407 2440 1450 Tos-

417 1493 541 1533 cane,
596 1479 637 1520 16
691 1479 717 1519 3
759 1477 994 1519 decembre
1048 1476 1175 1517 1319.
1217 1476 1376 1528 Rome,
1417 1474 1626 1518 biblioth.
1684 1476 1967 1528 Casanaten.‚
2023 1490 2106 1518 1115.
2163 1477 2292 1530 1730,
2334 1476 2438 1518 folio

416 1550 499 1592 234
524 1554 576 1591 v⁰
602 1547 700 1602 (273
725 1546 790 1601 νῦ)
818 1548 920 1588 -235
945 1551 997 1587 v0
1023 1545 1123 1600 (274
1147 1545 1230 1600 vo),
1411 1546 1415 1549 ’

486 1619 789 1660 «Reverendo
827 1618 873 1658 in
912 1617 1088 1659 Christo
1128 1617 1267 1670 Patri,
1305 1617 1466 1659 fratri..
1505 1617 1711 1660 ministro
1749 1617 1977 1673 Thus[cie]
2018 1624 2064 1659 et
2116 1618 2212 1671 ejus
2247 1616 2429 1671 vicario,

422 1690 562 1732 frater
594 1689 784 1732 Michael
815 1687 1039 1739 Monachi,
1089 1687 1255 1730 ordinis
1287 1688 1481 1730 fratrum
1525 1687 1768 1741 minorum,
1810 1688 2052 1743 inquisitor
2096 1687 2291 1732 heretice
2337 1701 2438 1742 pra-

422 1759 579 1803 vitatis
601 1759 873 1800 auctoritate
895 1758 1144 1812 apostolica
1166 1758 1443 1800 constitutus
1466 1766 1512 1801 et
1533 1772 1588 1799 ex
1609 1758 1791 1812 speciali
1824 1757 2135 1801 commissione
2166 1757 2436 1802 sanctissimi

419 1830 560 1887 patris
589 1837 635 1870 et
662 1828 832 1870 domini
862 1827 1043 1868 Domini
1070 1828 1292 1869 Johannis
1320 1827 1475 1870 divina
1504 1828 1791 1883 providentia
1819 1843 1937 1885 pape
1965 1827 2362 1883 XXIIinquisitor
2388 1834 2434 1871 et

351 1898 355 1901 ²
419 1901 558 1956 judex
586 1906 743 1941 contra
771 1898 993 1953 quosdam
1021 1898 1355 1952 pseudofratres
1383 1898 1580 1940 heretica
1607 1899 1709 1939 labe
1735 1913 1958 1953 respersos
1987 1898 2140 1952 eisque
2167 1899 2432 1940 adherentes

420 1970 611 2012 ubilibet
642 1983 721 2024 per
753 1976 905 2010 totum
938 1968 1140 2010 ordinem
1171 1969 1416 2022 deputatos
1453 1968 1564 2022 (sic),
1598 1983 1649 2011 66
1683 1968 1822 2010 6116111
1839 1969 2091 2010 Reverendi
2124 1968 2265 2024 patris
2283 1968 2433 2011 fratris

424 2040 668 2092 Michaelis,
693 2039 907 2093 generalis
928 2039 1121 2099 ministri
1143 2039 1308 2092 prefati
1330 2039 1496 2081 ordinis
1533 2039 1861 2081 commissarius
1894 2039 1941 2080 in
1961 2040 2046 2081 hac
2077 2048 2223 2094 parte,
2248 2040 2439 2082 salutem

421 2112 468 2154 in
498 2110 680 2154 domino
712 2110 854 2152 Jhesu
885 2109 1075 2152 Christo.
1111 2109 1338 2151 Noveritis
1369 2123 1440 2150 me
1471 2110 1646 2152 dudum
1661 2108 1876 2162 recepisse
1890 2110 2066 2152 litteras
2082 2109 2247 2163 prefati
2265 2108 2436 2152 domini

420 2195 537 2238 pape
555 2182 650 2236 ejus
670 2194 775 2222 vera
791 2179 915 2222 bulla
932 2179 978 2222 in
998 2179 1072 2221 filo
1090 2179 1274 2235 canapis
1292 2181 1517 2234 pendente
1534 2181 1748 2233 bullatas,
1765 2195 1857 2222 non
1874 2181 2084 2233 abolitas,
2098 2194 2179 2222 nec
2196 2194 2336 2233 rasas,
2353 2193 2433 2224 nec

421 2252 718 2305 viciatas,nec
732 2251 1001 2292 cancellatas
1018 2264 1098 2291 nec
1112 2257 1343 2304 suspectas
1359 2251 1404 2292 in
1417 2250 1568 2303 aliqua
1600 2250 1667 2291 sui
1696 2258 1842 2306 parte,
1883 2265 2078 2307 quorum
2108 2251 2434 2305 transcriptum

421 2337 477 2364 ex
503 2321 611 2376 ipsis
640 2320 927 2374 originalibus
954 2320 1115 2362 litteris
1143 2328 1380 2375 sumptum
1408 2328 1454 2362 et
1480 2320 1712 2363 autentico
1739 2321 1988 2362 munimine
2014 2321 2280 2363 roboratum
2308 2319 2434 2362 vobis

421 2391 684 2435 transmitto
701 2390 982 2445 presentibus
998 2390 1160 2432 litteris
1177 2391 1452 2444 colligatum.
1470 2391 1633 2432 Volens
1650 2389 1790 2445 igitur
1806 2391 2165 2433 commissionem
2206 2390 2343 2432 michi
2373 2390 2440 2433 fa-

420 2470 545 2505 ctam
561 2476 613 2504 ac
628 2463 899 2503 mandatum
914 2461 1214 2516 apostolicum
1229 2460 1276 2502 in
1293 2475 1345 2502 ea
1359 2468 1641 2515 contentum,
1658 2469 1796 2517 prout
1812 2461 2149 2517 teneor‚exequi
2164 2469 2436 2509 reverenter:

421 2548 527 2576 cum
549 2534 607 2575 ad
629 2532 910 2577 audientiam
930 2546 1080 2575 meam
1101 2532 1162 2574 sit
1186 2533 1274 2574 fide
1288 2532 1423 2585 digna
1447 2540 1492 2574 et
1515 2540 1638 2575 66116
1659 2533 1878 2575 relatione
1899 2533 2148 2576 deductum
2181 2533 2350 2575 multos
2382 2546 2435 2577 ex

423 2603 592 2657 pseudo
615 2603 831 2646 fratribus
853 2602 899 2644 in
921 2602 1043 2645 dieto
1065 2602 1282 2657 rescripto
1306 2603 1554 2658 apostolico
1577 2603 1820 2647 nominatis
1844 2611 1890 2646 et
1912 2603 2079 2647 eisdem
2100 2603 2437 2655 adherentibus,

347 2678 349 2681 ’
421 2674 498 2730 qui
531 2688 682 2716 coram
711 2687 783 2716 me
813 2673 859 2713 in
890 2673 1057 2729 judicio
1089 2674 1312 2728 quosdam
1342 2673 1673 2728 abjuraverunt
1703 2688 1869 2717 errores
1901 2681 1947 2715 et
1977 2688 2023 2715 se
2055 2673 2236 2729 propria
2277 2679 2437 2728 sponte
2486 2715 2490 2720 ,

423 2759 577 2786 60111111
618 2745 873 2798 juramento
918 2744 1087 2785 vallata
1130 2743 1187 2783 ad
1231 2743 1503 2798 penitentias
1546 2743 1607 2784 eis
1625 2745 1756 2786 datas
1800 2743 2439 2786 observandasinviolabiliter

420 2815 743 2867 astrinxerunt,
783 2822 940 2855 contra
979 2813 1181 2868 ipsorum
1219 2815 1560 2868 promissionem
1599 2823 1645 2856 et
1682 2815 1990 2869 juramentum
2017 2815 2182 2856 crimen
2216 2813 2439 2868 apostasic

422 2886 774 2939 dampnabiliter
799 2885 1036 2926 incurrisse
1065 2892 1111 2925 et
1138 2899 1217 2938 per
1244 2885 1444 2927 diversas
1473 2885 1631 2926 mundi
1673 2894 1824 2939 partes
1866 2886 2061 2927 latenter
2101 2885 2346 2927 discurrere
2386 2884 2430 2926 in

423 2956 678 2998 animarum
697 2970 880 2998 suarum
902 2963 948 2998 et
967 2956 1159 2997 aliorum
1178 2956 1479 3009 prejudicium
1496 2963 1542 2998 et
1561 2956 1800 2998 discrimen
1821 2963 1867 2998 et
1886 2957 2151 2998 scandalum
2175 2971 2263 2997 non
2293 2955 2435 2997 modi-

423 3040 527 3068 cum
547 3025 712 3068 ordinis
732 3025 985 3078 memorati,
1005 3026 1279 3069 auctoritate
1299 3026 1547 3082 apostolica
1567 3040 1658 3081 qua
1677 3028 1840 3080 fungor
1858 3026 1905 3068 in
1923 3027 2008 3070 hac
2029 3035 2157 3083 parte
2180 3041 2260 3081 pro
2278 3026 2435 3081 primo,

423 3096 618 3137 secundo
647 3103 692 3136 et
719 3096 852 3136 tertio
882 3105 927 3138 et
954 3096 1256 3150 peremptorio
1284 3096 1476 3138 termino
1505 3111 1585 3138 vos
1612 3111 1773 3138 moneo
1802 3097 2020 3151 vobisque
2047 3097 2094 3139 in
2122 3096 2292 3138 virtute
2332 3091 2434 3137 0116-

422 3166 589 3207 (11611116
626 3173 780 3207 5611616
818 3174 864 3207 61
900 3166 982 3206 sub
1022 3166 1500 3208 excommunicationis
1538 3181 1654 3221 pena
1692 3167 1892 3208 districte
1932 3163 2128 3222 precipio
2166 3173 2213 3208 et
2248 3165 2433 3220 injungo

423 3236 638 3290 quatinus
666 3250 745 3290 per
763 3251 842 3277 vos
870 3244 915 3277 et
941 3236 1050 3277 alios
1079 3251 1183 3277 cum
1208 3244 1369 3278 exacta
1387 3237 1619 3290 diligentia
1643 3238 1698 3278 de
1714 3237 1925 3291 predictis
1942 3237 2165 3291 apostatis
2179 3235 2434 3291 inquiratis,

424 3307 459 3347 si
484 3307 599 3348 infra
624 3315 822 3348 vestram
845 3306 1126 3360 provinciam
1149 3307 1315 3348 alicubi
1336 3307 1524 3348 latitent
1547 3308 1615 3348 vel
1640 3307 1908 3349 discurrant.
1936 3308 1996 3351 Et
2018 3307 2054 3349 si
2078 3322 2190 3361 quos
2207 3309 2263 3350 de
2281 3306 2436 3359 hujus-

423 3377 545 3417 modi
573 3377 794 3430 pestiferis
823 3377 928 3418 viris
954 3378 1003 3418 in
1030 3377 1232 3431 predicta
1261 3385 1411 3419 vestra
1439 3377 1672 3432 provincia
1698 3378 1904 3432 poteritis
1930 3378 2121 3432 reperire
2148 3391 2222 3420 eos
2252 3377 2442 3432 capiatis

427 3448 496 3488 vel
526 3447 626 3500 capi
654 3447 830 3488 faciatis
860 3455 906 3489 et
932 3448 979 3487 in
1007 3447 1291 3502 disciplinam
1319 3448 1485 3490 ordinis
1514 3448 1596 3488 sub
1630 3449 1724 3490 fida
1753 3449 1962 3492 custodia
2010 3447 2198 3491 detineri
2228 3448 2439 3491 invocato

422 3520 480 3559 ad
506 3518 590 3557 hoc
615 3517 650 3558 si
676 3531 788 3571 opus
813 3517 950 3558 fuerit
974 3518 1142 3558 auxilio
1166 3518 1339 3559 brachii
1363 3518 1586 3560 secularis.
1613 3519 1659 3560 Si
1697 3526 1853 3560 autem
1876 3519 2050 3573 aliquos
2076 3519 2146 3559 vel
2171 3518 2366 3572 aliquem
2389 3519 2442 3558 (16

426 3589 846 3641 prenominatorum
881 3589 1051 3642 speudo
1092 3587 1183 3642 (sic)
1224 3589 1418 3629 fratrum
1453 3589 1717 3630 adherentia
1755 3597 1806 3630 et
1842 3596 1965 3631 secta
2000 3596 2183 3631 notatos
2219 3586 2440 3643 probabili

424 3659 689 3711 suspicione,
743 3659 814 3699 vel
851 3659 1067 3710 fautores,
1103 3667 1185 3699 aut
1220 3659 1472 3700 defensores
1509 3660 1744 3702 eorumin
1780 3659 1956 3713 prefata
2010 3667 2159 3700 vestra
2211 3657 2439 3712 provincia

421 3727 641 3779 habeatis,
669 3728 921 3781 procedatis
948 3736 1105 3770 contra
1132 3742 1205 3770 eos
1233 3735 1279 3770 et
1305 3743 1460 3771 eorum
1486 3730 1734 3783 quemlibet
1748 3730 1882 3783 juxta
1899 3728 2135 3770 canonicas
2174 3728 2441 3780 sanctiones,

426 3796 507 3835 sub
531 3797 693 3849 quibus
715 3804 942 3850 quantum
963 3796 1098 3838 michi
1116 3796 1221 3837 licet
1239 3805 1284 3838 et
1302 3811 1485 3852 possum
1504 3798 1777 3839 auctoritate
1795 3797 2046 3853 apostoliea
2063 3797 2196 3840 miehi
2216 3809 2437 3848 concessa,
