2540 4354
956 400 1171 436 naemu
1211 401 1243 432 v
1949 383 2052 434 363

88 568 92 570 .
142 518 425 581 Carissimo
454 518 510 570 in
539 519 750 570 Christo
785 519 891 570 filio
923 521 1129 582 Carolo,
1159 522 1271 587 regi
1302 522 1522 573 Francie
1552 522 1763 583 illustri,
1794 522 2044 585 salutem,

79 615 174 674 [⁰⁰
209 629 278 639 —
313 601 537 667 Regiam
573 601 968 654 sublimitatem
1005 605 1269 655 credimus
1306 624 1413 655 non
1448 606 1615 656 latere
1651 606 1797 671 quod
1833 604 2042 655 dudum

105 695 165 730 st.-
207 684 252 736 ti
305 684 402 736 filii
456 684 598 736 cives
653 684 892 737 civitatis
949 697 1042 736 tue
1098 688 1496 748 Carcassonen.‚
1553 688 1663 738 sive
1708 688 2042 738 habitatores

111 775 113 777 ’
152 768 311 823 urbii
348 766 607 831 eiusdem,
649 778 771 819 tuos
813 769 1062 821 officiales
1094 781 1150 819 et
1191 781 1373 835 gentes
1415 781 1699 836 sequentes
1744 770 1972 821 fideliter
1989 780 2044 820 et

117 846 121 852 ¹
156 860 326 905 aeter
350 851 466 902 illas
495 869 691 918 pravas
718 863 902 917 gentes
931 872 1034 919 que
1061 871 1113 903 se
1143 854 1438 904 Societates
1457 855 1735 920 appellant
1763 864 1892 903 tunc
1922 872 2042 919 par-

177 935 293 988 illas
319 935 715 1001 depopulantes
742 935 1071 997 immaniter,
1101 946 1366 1002 tanquam
1396 937 1495 987 viri
1526 938 1705 987 fideles
1723 947 1778 986 et
1819 936 2045 997 strenui,

111 1008 114 1010 ’
172 1017 483 1077 ,ιιιιιιίιιιίῑοι
518 1017 739 1068 fuerunt
774 1019 1010 1084 aggressi
1044 1029 1099 1068 et
1136 1019 1361 1069 viriliter
1382 1020 1889 1085 prosecuti;easque
1922 1028 2044 1070 tan-

110 1159 116 1166 ,
151 1129 174 1146 ..
215 1101 282 1153 de
308 1099 510 1152 eisdem
545 1101 791 1167 partibus
820 1102 1164 1169 expulerunt,
1197 1103 1380 1153 multis
1408 1121 1475 1151 ex
1516 1103 1644 1168 ipsis
1690 1102 1818 1152 cesis
1861 1112 1915 1151 et
1958 1120 2043 1153 ca-

99 1244 109 1253 o
137 1183 153 1198 ⁸
197 1183 368 1236 tinter
409 1202 543 1250 quos
587 1184 806 1250 quidem
849 1195 1038 1250 captos
1081 1195 1290 1251 septem
1335 1186 1493 1235 luisse
1538 1186 1808 1245 dicuntur,
1854 1184 1946 1249 qui
1987 1202 2041 1234 se

119 1287 146 1309 ¹-
190 1284 331 1318 ιιιιιι
388 1267 712 1318 societatum
763 1268 1075 1334 capitaneos
1126 1268 1399 1319 faciebant
1447 1279 1502 1318 et
1553 1268 1643 1334 qui
1694 1287 1786 1333 per
1835 1268 2041 1333 aliquos

111 1364 177 1395 ἰ-
223 1350 472 1403 officiales
509 1352 611 1402 sub
652 1351 755 1402 fide
794 1351 1110 1404 salvationis
1149 1370 1498 1417 personarum
1550 1352 1787 1417 ipsarum
1838 1352 2041 1416 recepti

100 1442 102 1446 '
130 1433 145 1447 ⁹
180 1492 182 1496 ,
212 1470 220 1477 -
251 1435 524 1487 dicuntur.
552 1435 654 1486 Sed
703 1435 828 1501 quia
854 1436 922 1487 ad
950 1435 1209 1486 dilectum
1240 1435 1409 1486 filium
1430 1475 1461 1486 ..
1489 1435 1864 1501 inquisitorem
1890 1435 2035 1484 here-

155 1558 158 1560 ψ
193 1518 482 1586 pravitatis
506 1519 563 1571 in
587 1518 790 1570 eisdem
817 1519 1179 1570 constitutum
1208 1519 1452 1584 partibus
1484 1519 1750 1583 fidedigna
1778 1517 2036 1568 relatione

110 1609 151 1619 ’“
196 1613 383 1656 onerat
430 1603 575 1675 quod
622 1603 785 1654 iidem
834 1613 1043 1669 septem
1092 1603 1193 1653 viri
1241 1613 1461 1668 propter
1509 1603 1679 1652 multa
1730 1600 2035 1651 hereticalia

206 1685 459 1739 dixerant
498 1697 554 1737 et
592 1686 835 1737 fecerant
876 1685 1248 1752 multipliciter
1301 1685 1537 1751 suspecti
1587 1695 1743 1735 erant
1796 1685 1860 1734 de
1914 1685 2034 1736 labe

16 1772 22 1782 ¹
116 1778 132 1784 ”
174 1768 295 1820 tice
322 1769 630 1836 pravitatis,
662 1770 806 1836 ipsos
831 1780 1096 1835 tanquam
1130 1770 1264 1819 tales
1284 1769 1410 1818 fecit
1429 1789 1524 1820 suo
1555 1768 1770 1818 nomine
1787 1766 2038 1818 arrestari

135 1850 176 1864 ’“
252 1853 554 1904 carceribus
594 1854 940 1920 episcopatus
982 1854 1361 1905 Carcassonen.
1405 1851 1546 1902 curie
1565 1851 2039 1915 detineri3nosque

135 1934 340 1989 ‘missis
395 1937 618 2003 prolatis
673 1938 742 1988 ad
800 1946 1043 1989 nostram
1082 1937 1337 1988 notitiam
1398 1936 1776 1987 mandavimus
1825 1935 2039 1985 eosdem

127 2016 422 2075 dimitti
484 2021 750 2088 captivos,
804 2021 896 2071 sed
967 2037 1061 2086 per
1099 2017 1347 2089 [eundem
1394 2018 1766 2084 inquisitorem
1821 2015 2037 2082 procedi

152 2128 189 2157 ·,
253 2102 553 2170 suspitione
584 2103 895 2155 huiusmodi
928 2102 1203 2154 mediante
1236 2101 1448 2152 iusticia
1482 2111 1669 2152 contra
1703 2117 1809 2151 eos.
1860 2100 2035 2163 Quare

139 2196 146 2197 ’
168 2214 173 2238 ι,
204 2183 370 2259 iidem
390 2186 533 2239 cives
555 2205 649 2238 seu
672 2187 1011 2239 habitatores
1035 2197 1303 2252 tanquam
1328 2185 1428 2234 viri
1447 2184 1698 2236 catholici
1715 2201 1808 2250 per
1829 2183 2035 2233 dietum

150 2266 213 2281 “⁸
241 2268 435 2322 itorem
489 2288 583 2322 seu
635 2270 748 2323 eius
802 2270 1066 2322 vicarium
1120 2268 1367 2335 requisiti
1419 2268 1593 2331 eidem
1647 2278 1762 2318 tam
1816 2275 2036 2332 propter

133 2339 188 2394 ἰ
224 2353 415 2412 ntiam
461 2354 554 2409 Dei
585 2365 641 2406 et
675 2354 939 2407 catholice
976 2354 1119 2415 fidei,
1156 2370 1320 2419 quam
1370 2361 1591 2418 propter
1639 2352 1841 2401 bonum
1887 2348 2036 2413 regni

146 2452 259 2507 3110
288 2436 422 2489 dicti
453 2438 582 2490 mali
613 2438 732 2501 viri,
766 2438 810 2489 si
842 2437 1073 2490 relaxati
1090 2437 1285 2498 forent,
1292 2434 1484 2512 peiora
1518 2434 1782 2500 prioribus
1800 2432 1852 2483 in
1870 2448 2032 2496 regno

137 2517 142 2524 ’
284 2529 462 2573 terent
507 2533 825 2583 memorato,
871 2522 926 2572 in
971 2521 1116 2572 dicta
1136 2520 1448 2571 detentione
1480 2517 1677 2569 favisse
1722 2524 2033 2575 noscantur,

264 2603 363 2656 hiis
392 2604 583 2656 merito
610 2606 912 2661 laudandos
940 2604 1219 2656 serenitati
1252 2614 1342 2653 tue
1373 2601 1719 2653 affectuosius
1762 2615 2029 2649 commen·

224 2702 415 2740 neam
466 2700 718 2754 rogantes
770 2699 982 2740 attente
1036 2688 1293 2754 quatinus
1347 2704 1487 2746 cum,
1522 2682 2028 2750 proutaudivimus‚

170 2759 208 2811 [ι’
276 2808 281 2841 3
319 2781 467 2836 gesta
491 2771 711 2823 fuerunt
732 2773 787 2824 in
810 2773 1052 2823 favorem
1081 2771 1204 2822 fidei
1220 2780 1275 2820 et
1294 2787 1387 2835 pro
1410 2772 1548 2820 bono
1574 2767 1654 2817 tui
1674 2766 1841 2831 regni,
1864 2763 2030 2813 etiam

220 2850 501 2908 ,dationem
546 2854 688 2907 dicte
740 2874 834 2923 per
877 2856 1093 2907 eosdem
1141 2865 1263 2904 tuos
1311 2851 1558 2903 officiales
1606 2851 1731 2901 date
1782 2847 1922 2907 fidei,
1971 2856 2033 2895 ut

189 2943 344 2993 tur,
378 2947 435 2988 et
472 2938 831 3006 periculosum
872 2939 1011 2990 foret
1051 2937 1277 2989 nimium
1298 2935 1513 2984 eosdem
1554 2932 1798 2998 captivos
1830 2948 1937 2980 non
1955 2927 2035 2979 di-

170 3034 242 3085 ρ
283 3020 500 3086 negotio
545 3022 809 3074 catholice
859 3022 986 3073 fidei
1030 3021 1289 3079 relaxare,
1338 3028 1526 3068 contra
1546 3016 1686 3065 cives
1705 3015 1938 3074 eosdem,
1984 3011 2028 3062 si

165 3102 386 3177 apud
414 3104 617 3171 regiam
655 3106 999 3157 maiestatem
1038 3105 1103 3154 de
1144 3100 1412 3169 premissis
1450 3101 1519 3149 ab
1558 3098 1826 3165 aliquibus
1847 3097 2026 3161 culpa-

176 3210 183 3217 ·’
245 3222 260 3248 ,
302 3189 661 3241 mansuetudo
703 3189 845 3255 regia
888 3206 996 3238 non
1038 3187 1316 3245 turbetur,
1360 3182 1600 3249 quinimo
1643 3198 1730 3230 eos
1763 3190 2027 3245 tanquam

155 3252 438 3340 *iadevotos
473 3280 529 3321 et
564 3272 666 3344 sibi
706 3272 886 3322 fideles
925 3281 979 3320 et
1016 3287 1201 3320 eorum
1240 3266 1454 3330 negotia
1493 3263 1898 3314 commendatos
1935 3262 2028 3311 ha-

156 3367 182 3419 j
219 3358 276 3400 et
307 3352 558 3419 precipua
594 3354 960 3405 benivolentia
995 3360 1374 3419 prosequatur.
1412 3375 1479 3381 —
1524 3351 1719 3412 Datum
1754 3341 2026 3406 Avinioni,

66 3453 78 3509 ss
203 3436 550 3500 septembris,
586 3455 728 3490 anno
765 3437 1018 3488 secundo,

148 3565 207 3628 κ’-
221 3577 288 3620 Oi?
305 3594 349 3623 ιι.
371 3582 470 3635 236,
490 3591 595 3626 note
615 3585 656 3625 4.
