2540 4354
926 430 1073 465 sam
1118 432 1241 466 xxn
1977 418 2079 472 179

934 628 1275 688 —118—

130 812 145 826 .-
175 775 313 827 Jean
338 774 522 826 XXII
547 774 776 826 ordonna
799 778 833 825 ὰ
861 774 1079 841 Ρὲνέᾳιιε
1105 775 1165 825 de
1205 776 1522 840 Carpentras
1562 788 1605 826 et
1645 780 1677 827 ἁ
1719 778 1896 828 Pierre
1932 779 2078 829 Dan-

152 867 154 871 ’
276 857 337 909 de
371 857 679 924 poursuivre
715 857 962 925 l’enqudte
1012 869 1058 909 et
1083 859 1127 909 le
1142 863 1317 924 proces
1335 863 1644 909 commences
1661 871 1828 910 contre
1847 861 1894 910 F
1894 861 2079 911 e'licien

108 938 353 1003 Ἰ’ῘΔεείοῆ
391 941 728 1004 sous-diacre,
769 941 1014 1004 medes-in,
1055 945 1235 991 accuse'
1271 941 1470 991 d’avoir
1505 943 1703 1007 profer-c}
1740 943 1825 992 des
1876 945 2079 1008 par-oles

177 1023 418 1076 'arienses
445 1027 478 1075 ὰ
507 1024 749 1075 l’adresse
776 1024 848 1075 du
873 1043 1012 1091 pape
1040 1036 1084 1075 ee
1112 1025 1198 1075 des
1227 1025 1532 1086 cardinaux,
1563 1026 1770 1090 sautem·
1812 1026 1871 1076 de
1900 1026 2079 1078 Pierre

194 1105 450 1168 Corbiere,
485 1105 771 1172 defensent,
806 1106 1038 1172 familier
1070 1117 1115 1157 et
1148 1107 1424 1172 chapelain
1458 1107 1518 1157 de
1550 1107 1713 1157 Louis
1747 1108 1807 1157 de
1841 1108 2073 1160 Baviere,

2 1242 5 1250 ,
195 1188 460 1255 avignon,
487 1189 554 1240 2s
577 1189 892 1242 avri11332.

442 1320 547 1374 fleg.
586 1319 700 1374 Vah,
735 1328 768 1363 t.
806 1334 931 1374 exn,
963 1322 1040 1363 101.
1076 1320 1159 1364 302
1194 1326 1261 1375 νῦ,
1294 1337 1338 1364 n.
1373 1322 1483 1364 1434
1510 1337 1520 1370 ;
1558 1322 1741 1374 Riezler,
1778 1321 2080 1365 Vatikanische

380 1389 538 1444 mn,
564 1405 607 1432 n.
635 1390 746 1431 1434
778 1390 952 1444 (anal.);
982 1392 1126 1442 Fumi,
1152 1391 1311 1434 Eretici
1350 1391 1528 1445 eribant,
1570 1400 1671 1444 etc„
1697 1394 1808 1436 dans
1854 1392 2078 1434 Boueuim

396 1458 450 1504 di
465 1459 599 1503 cloria
616 1460 762 1517 patria
787 1474 864 1515 pn
880 1461 1116 1513 l’Umbria,
1138 1475 1209 1503 an.
1232 1462 1286 1514 V,
1307 1475 1350 1515 p.
1371 1462 1451 1503 265
1477 1460 1540 1514 (in
1560 1461 1672 1514 exa).

112 1596 122 1622 s
144 1570 405 1650 'l-Hugonss
433 1581 602 1632 electo
632 1582 1105 1648 Carpentoracten.
1140 1581 1175 1644 ¹,
1205 1593 1260 1631 et
1291 1583 1449 1632 Petro
1482 1582 1783 1643 Danrocha,
1804 1582 2076 1647 preposito

146 1689 182 1706 ν»
209 1662 314 1715 esic
343 1663 611 1717 Haenten.
640 1664 681 1730 ²,
708 1665 1047 1725 Lemovicen.
1070 1665 1310 1716 diocesis.
1330 1693 1399 1700 —
1417 1666 1637 1714 Dudum
1655 1665 1721 1714 ad
1742 1664 2075 1715 audientiam

63 1813 65 1819 Α
154 1774 175 1788 ·›
200 1745 271 1798 tri
299 1747 638 1814 apostolatus
671 1750 968 1799 multorum
1000 1748 1363 1799 insinuatione
1411 1750 1617 1814 perlato
1665 1749 1808 1812 quod
1858 1747 2073 1798 Felicia-

0 1815 2 1832 !
243 1829 310 1881 de
349 1829 568 1893 Assisio,
610 1832 993 1893 subdiaconus,
1039 1832 1291 1897 phisicus,
1338 1842 1524 1881 contra
1582 1849 1676 1880 nos
1719 1841 1774 1879 et
1829 1841 2074 1880 sanctam

0 1914 3 1951 ἶ
77 1911 81 1915 ’
198 1982 207 1987 ⁸
234 1914 385 1964 'nam
415 1911 715 1966 Ecclesiam
751 1925 1042 1981 cetumque
1077 1915 1467 1965 venerabilium
1503 1915 1733 1964 fratrum
1767 1924 2074 1963 nostrorum

70 1993 75 1996 ’
389 1996 622 2048 Ecclesie
673 1998 1029 2049 cardinalium
1078 2008 1133 2047 et
1182 1998 1498 2063 specialiter·
1535 2008 1719 2047 contra
1785 1996 2073 2046 nonnullos

82 2124 90 2132 ,
286 2097 340 2130 m
372 2079 608 2132 nefanda
643 2080 980 2147 blasphemia
1015 2091 1071 2131 et
1105 2081 1471 2131 diffamatoria
1508 2080 1743 2146 proferre
1777 2079 2073 2129 temerariis

101 2176 105 2184 ¹
162 2166 201 2204 'i
254 2163 543 2214 erubuerat
588 2164 827 2227 ausibus,
876 2183 1107 2231 quorum
1155 2164 1412 2215 nonnulla
1461 2163 1799 2213 manifestius
1846 2162 2072 2211 heresim

123 2237 411 2309 ‘'ebant3
446 2263 543 2297 nec
579 2247 678 2297 hiis
716 2258 1004 2298 contentus
1041 2248 1109 2298 ad
1146 2266 1300 2298 suam
1339 2247 1622 2313 perfidiam
1659 2245 1897 2311 apertius
1955 2262 2071 2310 pro·

98 2316 170 2402 gf]
206 2367 208 2369 .
241 2327 391 2379 dam
422 2330 641 2380 Petrum
671 2331 736 2380 de
767 2331 1038 2393 Corbario,
1070 2332 1200 2381 dum
1230 2348 1284 2380 se
1315 2348 1410 2396 pro
1442 2348 1581 2395 papa
1613 2328 1914 2379 scismatice
1932 2346 2072 2392 gere-

76 2398 175 2473 ”,-
220 2409 392 2463 eidem
429 2412 582 2463 velut
619 2413 954 2478 scismaticus
994 2424 1049 2463 et
1088 2415 1153 2464 de
1194 2413 1363 2463 heresi
1402 2414 1750 2462 vehementer
1788 2420 2069 2476 suspectus

80 2675 139 2709 2²1.
183 2657 484 2711 scismatico
514 2662 801 2712 manifesto
830 2673 958 2713 ante
987 2673 1042 2712 et
1072 2673 1364 2728 postquam
1394 2661 1558 2711 etiam
1588 2659 1693 2709 fuit
1722 2676 1813 2724 per
1842 2676 1936 2707 nos
1966 2657 2068 2722 pri-

235 2766 240 2785 ι
299 2743 692 2796 sententialiter
729 2745 858 2806 iure,
900 2746 944 2797 si
984 2746 1128 2811 quod
1168 2745 1269 2795 sibi
1307 2745 1375 2795 ad
1414 2761 1638 2809 regnum
1677 2742 1762 2791 vel
1784 2739 2069 2805 imperium

120 2892 134 2901 ⁴
209 2851 231 2866 ··
296 2851 302 2867 ·
331 2841 472 2877 rum
523 2827 751 2878 forsitan
805 2829 1170 2894 competebat,
1223 2838 1278 2877 et
1329 2828 1719 2890 subsequenter
1770 2824 1835 2872 de
1900 2821 2069 2871 heresi

99 2916 138 2983 ij
159 2901 203 2972 ³3
219 2938 222 2942 ,
240 2919 530 2975 empnatus
553 2911 840 2962 adheserat
865 2922 920 2961 et
944 2911 1157 2962 faverat
1183 2909 1568 2975 multipliciter,
1589 2918 1643 2957 et
1660 2917 1776 2956 erat
1794 2903 2067 2971 familiaris

87 3022 91 3027 ·
126 2992 157 3045 ’ζ
182 2990 494 3059 ⁴(apellanus
526 2992 764 3044 eiusdem
784 3012 846 3045 ac
879 3012 1079 3044 errores
1114 3004 1169 3043 et
1184 2993 1394 3043 hereses
1414 3009 1547 3057 quos
1566 2990 1741 3040 dictus
1763 2986 2067 3038 Ludovicus

87 3067 96 3076 “’
151 3062 192 3107 ’Ῐ
224 3072 360 3141 adit,
385 3074 806 3142 dampnabiliter
830 3078 1250 3143 approbaverat,
1279 3076 1627 3134 sustinuerat,
1655 3082 1709 3121 et
1735 3070 2066 3128 defenderat,

85 3230 104 3311 ὀ
170 3263 235 3291 -21
309 3238 409 3291 biis
462 3241 770 3304 veritatem,
811 3242 929 3303 tibi,
974 3242 1049 3292 fili
1087 3242 1270 3303 electe,
1312 3251 1374 3290 ut
1412 3238 1788 3290 archidiacono
1830 3234 2066 3284 Cantua-

106 3349 123 3386 i.
160 3316 252 3383 ἦα,
291 3330 346 3371 et
385 3322 501 3385 tibi,
547 3323 623 3374 fili
663 3324 949 3390 preposite,
994 3324 1301 3375 nominibus
1343 3321 1569 3389 propriis
1588 3318 1779 3369 vestris
1798 3315 2059 3381 expressis

112 3399 429 3457 ''Jmisisse
472 3405 815 3457 meminimus
860 3425 952 3472 per
995 3417 1206 3458 nostras
1251 3406 1380 3457 alias
1426 3403 1556 3455 certi
1599 3399 1798 3452 tenoris
1856 3397 2063 3447 litteras

102 3487 138 3540 '³ss
188 3486 468 3538 mandasse
498 3499 560 3539 ut
587 3489 653 3539 de
683 3489 936 3555 predictis
966 3500 1021 3540 et
1048 3507 1110 3540 ea
1141 3488 1489 3555 tangentibus
1519 3504 1580 3537 ac
1609 3483 1741 3542 aliis,
1774 3497 1877 3546 que
1894 3479 1949 3529 in
1972 3478 2067 3528 eri-

109 3566 247 3618 hme
267 3567 531 3622 scismatis
553 3572 640 3622 vel
663 3571 859 3622 heresis
883 3573 1152 3633 caderent,
1178 3590 1271 3622 seu
1294 3587 1493 3636 perque
1516 3568 1697 3618 fautor
1714 3579 1803 3613 seu
1824 3561 2070 3610 defensor

104 3619 418 3717 *matum
450 3670 541 3703 seu
575 3654 823 3706 heresum
856 3666 954 3706 aut
986 3654 1413 3706 scismaticorum
1447 3651 1532 3702 vel
1565 3645 1920 3698 hereticorum
1955 3660 2066 3707 pre-

107 3717 281 3794 &etus
318 3732 614 3788 Felicianus
649 3738 956 3804 aliqualiter
994 3746 1296 3803 appareret,
1333 3733 1647 3799 simpliciter
1681 3740 1735 3781 et
1772 3727 1835 3776 de
1888 3726 2066 3790 plano,

22 4228 28 4235 v
109 4221 136 4236 ⁴:
153 4228 158 4231 -

21 4238 27 4247 ⁴
150 4239 163 4250 “,

190 4331 194 4345 '>
