2540 4354
395 294 493 345 482
807 309 1095 342 BULLAmE
1137 309 1211 342 DE
1249 288 1672 349 ιἰΝουιειΤιοΝ
1707 307 2021 350 FRANQAISE

391 426 652 479 kalendas
694 425 898 492 apriliS,
937 443 1081 475 anno
1121 423 1502 476 decimonono.
1547 422 1887 489 Expeditum
1926 422 2168 485 loco,die
2187 434 2242 474 et
2259 442 2403 475 anno

389 509 667 577 predictis.

1224 941 1571 1000 -337—

469 1107 729 1170 Franeois
766 1108 911 1169 Sala,
953 1110 1157 1157 nomme'
1194 1107 1514 1173 inquisiteur
1550 1108 1621 1157 du
1657 1126 1906 1173 royaume
1942 1107 2220 1173 d’Aragon
2254 1117 2298 1157 et
2327 1106 2413 1158 des

397 1197 583 1244 comte's
622 1194 682 1243 de
723 1192 1031 1243 Roussillon
1069 1210 1169 1259 par
1207 1193 1251 1241 le
1290 1192 1590 1257 provincial
1627 1192 1714 1242 des
1753 1191 2130 1253 dominicains,
2172 1202 2244 1241 est
2297 1211 2413 1242 con-

401 1277 550 1343 firma
596 1278 730 1327 dans
778 1288 897 1327 cette
943 1277 1130 1342 charge
1178 1295 1277 1343 par
1326 1277 1515 1326 Benoit
1562 1275 1722 1326 XIII
1770 1287 1815 1325 et
1861 1276 2028 1326 rendu
2075 1275 2410 1327 inamowible.

399 1390 469 1398 —
505 1361 804 1423 Peniscola,
843 1361 909 1411 30
945 1362 1256 1427 septembre
1299 1360 1450 1411 1417.

753 1496 859 1549 Reg.
886 1495 1002 1549 Vat„
1026 1502 1058 1536 t.
1083 1509 1343 1547 cccxxvni,
1366 1495 1441 1535 fol.
1466 1496 1569 1543 452;
1598 1509 1754 1548 nuness,
1777 1498 1939 1549 szgn.
1958 1497 2186 1549 ooedaenz,
2223 1511 2265 1537 n.
2290 1496 2420 1542 1346.

476 1621 687 1671 Dilecto
741 1618 851 1669 filio
902 1615 1191 1668 Francisco
1243 1617 1365 1667 Sala
1390 1616 1426 1678 ¹,
1478 1617 1681 1668 ordinis
1725 1618 1961 1668 fratrum
1989 1618 2418 1685 predicatorum,

400 1707 457 1758 in
481 1723 633 1756 sacra
661 1703 860 1769 pagina
887 1700 1198 1767 professori,
1225 1701 1480 1762 salutem,
1503 1713 1606 1751 etc.
1633 1730 1700 1738 -
1726 1701 2052 1753 Devocionis
2071 1714 2166 1754 tue
2184 1705 2416 1769 probata

402 1787 687 1841 sinceritas
730 1805 898 1852 quam
937 1803 1063 1851 erga
1103 1802 1198 1835 nos
1240 1796 1296 1835 et
1335 1804 1621 1837 romanam
1662 1786 1796 1851 geris
1854 1786 2155 1841 Ecclesiam
2207 1806 2418 1854 prome-

401 1885 553 1926 retur
591 1883 654 1922 ut
693 1870 988 1937 petitiones
1027 1880 1152 1920 tuas
1195 1881 1469 1935 quantum
1509 1889 1634 1920 cum
1677 1870 1787 1921 Deo
1823 1889 2114 1938 possumus
2146 1873 2215 1924 ad
2254 1891 2418 1923 exau-

403 1955 629 2009 ditionis
683 1953 919 2020 gratiam
971 1953 1356 2006 admittamus.
1415 1954 1678 2004 Exhibita
1730 1954 2004 2020 siquidem
2055 1956 2210 2007 nobis
2249 1973 2420 2022 nuper

403 2059 499 2108 pro
539 2050 696 2108 parte
732 2051 826 2089 tua
867 2037 1062 2104 petitio
1102 2037 1425 2088 continebat
1463 2039 1608 2103 quod
1647 2038 1775 2088 olim
1811 2040 1903 2091 dil.
1945 2040 2086 2091 filius
2128 2042 2320 2092 Petrus
2356 2041 2422 2091 de

407 2126 582 2176 Fonte
615 2125 915 2190 Luporum,
946 2121 1095 2189 prior
1125 2122 1475 2189 provincialis
1510 2122 1711 2174 ordinis
1745 2124 1981 2175 fratrum
2012 2125 2420 2192 predicatorum

404 2209 684 2276 provincie
730 2207 1002 2272 Aragonie
1044 2208 1350 2258 secundum
1393 2226 1600 2258 morem
1643 2207 1810 2273 ipsius
1863 2209 2084 2271 ordinis,
2105 2211 2311 2261 habens
2354 2211 2421 2260 ad

405 2296 508 2345 hoc
551 2305 614 2344 ut
657 2291 848 2343 asseris
894 2300 1254 2360 potestatem,
1300 2302 1354 2341 tc
1398 2291 1452 2341 in
1495 2291 1672 2356 regnis
1716 2304 1773 2342 et
1815 2293 1971 2344 terris
2016 2294 2241 2344 illustris
2285 2293 2422 2359 regis

407 2379 725 2443 Aragonum
758 2376 894 2426 citra
929 2394 1077 2426 mare
1109 2386 1164 2425 et
1197 2374 1528 2426 comitatum
1583 2375 1875 2428 Rosilionis
1924 2377 2123 2430 ditioni
2164 2378 2424 2430 subiectis

404 2462 787 2529 inquisitorem
837 2462 947 2510 her.
1002 2479 1155 2526 prav.
1205 2461 1512 2525 generalem
1553 2460 1869 2513 huiusmodi
1912 2463 2209 2529 potestatis
2242 2463 2424 2529 vigore

407 2546 698 2598 constituit
727 2564 790 2597 ac
820 2545 989 2597 etiam
1010 2543 1330 2610 deputavit3
1351 2563 1516 2611 quare
1536 2564 1632 2611 pro
1658 2557 1812 2611 parte
1832 2558 1927 2599 tua
1949 2547 2055 2598 fuit
2073 2548 2228 2600 nobis
2249 2548 2426 2600 humi·

404 2632 529 2682 liter
559 2630 936 2698 supplicatum
968 2639 1031 2680 ut
1076 2629 1465 2683 constitutioni
1510 2641 1564 2680 et
1615 2632 1968 2697 deputationi
2001 2632 2315 2686 huiusmodi
2344 2651 2424 2686 ro·

407 2718 509 2766 bur
528 2714 966 2767 confirmationis
985 2713 1219 2767 adiicere
1238 2716 1303 2766 de
1337 2714 1681 2780 benignitate
1714 2717 2018 2782 apostolica
2053 2718 2421 2784 dignaremur.

411 2802 519 2852 Nos
562 2800 728 2867 igitur
771 2799 1088 2850 huiusmodi
1128 2799 1627 2866 supplicationibus
1670 2800 1921 2852 inclinati
1962 2804 2183 2854 easdem
2225 2803 2424 2856 consti-

407 2885 684 2937 tutionem
722 2895 778 2935 et
816 2883 1239 2951 deputationem
1276 2895 1426 2936 ratas
1468 2885 1731 2935 habentes
1769 2896 1825 2935 et
1880 2897 2063 2952 gratas
2117 2887 2253 2951 illas,
2285 2889 2425 2940 sicut

409 2971 635 3035 provide
684 2970 831 3020 facte
877 2979 1027 3031 sunt,
1087 2970 1424 3020 auctoritate
1484 2969 1789 3036 apostolica
1835 2983 2024 3022 tenore
2086 2973 2422 3038 presentium

410 3054 803 3108 confirmamus
852 3065 909 3104 et
959 3053 1227 3119 presentis
1278 3052 1470 3119 scripti
1518 3053 1826 3120 patrocinio
1879 3058 2299 3110 communimus.
2355 3058 2424 3108 Et

409 3137 795 3189 nichilominus
823 3137 928 3187 tibi
952 3139 1146 3189 eadem
1174 3137 1510 3189 auctoritate
1540 3139 1890 3190 concedimus
1932 3142 2078 3206 quod
2122 3142 2192 3192 ab
2234 3142 2423 3192 eodem

412 3221 585 3271 officio
625 3239 719 3287 per
755 3221 1093 3286 superiorem
1129 3221 1216 3271 vel
1252 3220 1556 3287 superiores
1595 3233 1720 3274 tuos
1759 3222 1894 3273 dicti
1932 3224 2134 3276 ordinis
2173 3226 2260 3276 vel
2294 3224 2423 3276 alios

413 3324 789 3372 quoscumque
835 3323 1074 3371 nequeas
1123 3305 1386 3356 amoveri.
1437 3306 1805 3358 Decernentes
1850 3325 2068 3359 exnunc
2113 3309 2328 3360 irritum
2369 3317 2426 3358 et

413 3388 640 3440 inane...
687 3389 836 3439 Nulli
870 3402 1191 3455 ergo,etc...
1233 3418 1302 3424 —
1355 3391 1564 3442 Datum
1623 3391 1924 3454 Paniscole,
1973 3393 2261 3444 Dertusen.
2314 3392 2427 3443 dio-

416 3472 566 3534 cesiS,
619 3493 659 3522 11
711 3473 974 3526 kalendas
1025 3474 1283 3536 octobris,
1334 3491 1478 3525 anno
1530 3473 1789 3525 vicesimo
1840 3477 2099 3527 secundo.
2155 3474 2421 3543 Expedita

417 3574 498 3605 v11
537 3557 798 3611 kalendas
835 3557 1170 3620 novembris,
1209 3576 1352 3608 anno
1394 3558 1616 3609 XXIII.
1656 3558 1718 3609 A.
1757 3560 1823 3609 de
1863 3559 2100 3625 Campis.

475 3687 516 3729 1.
554 3687 589 3728 Il
617 3688 744 3730 avait
788 3690 859 3731 ete
900 3690 1070 3731 lecteur
1108 3704 1166 3731 au
1206 3698 1405 3733 convent
1430 3692 1485 3733 de
1526 3691 1782 3733 Barcelone.
1829 3691 1890 3733 Le
1932 3691 2135 3746 chapitre
2173 3693 2346 3746 general
2373 3689 2427 3733 de
