<?xml version="1.0" encoding="UTF-8"?>
<!DOCTYPE html PUBLIC "-//W3C//DTD XHTML 1.0 Transitional//EN"
    "http://www.w3.org/TR/xhtml1/DTD/xhtml1-transitional.dtd">
<html xmlns="http://www.w3.org/1999/xhtml" xml:lang="en" lang="en">
 <head>
  <title>
</title>
<meta http-equiv="Content-Type" content="text/html;charset=utf-8" />
  <meta name='ocr-system' content='tesseract 3.04.00' />
  <meta name='ocr-capabilities' content='ocr_page ocr_carea ocr_par ocr_line ocrx_word'/>
</head>
<body>
  <div class='ocr_page' id='page_1' title='image "./bullairedelinqui00cathuoft_0345.png"; bbox 0 0 2540 4354; ppageno 0'>
   <div class='ocr_carea' id='block_1_1' title="bbox 916 410 2098 462">
    <p class='ocr_par' dir='ltr' id='par_1_1' title="bbox 916 410 2098 462">
     <span class='ocr_line' id='line_1_1' title="bbox 916 410 2098 462; baseline 0.001 -2"><span class='ocrx_word' id='word_1_1' title='bbox 916 428 1130 461; x_wconf 66' lang='lat' dir='ltr'><strong>nunon-</strong></span> <span class='ocrx_word' id='word_1_2' title='bbox 1177 429 1261 462; x_wconf 83' lang='lat' dir='ltr'><strong>xn</strong></span> <span class='ocrx_word' id='word_1_3' title='bbox 1998 410 2098 462; x_wconf 88' lang='lat'><strong>251</strong></span> 
     </span>
    </p>
   </div>
   <div class='ocr_carea' id='block_1_2' title="bbox 938 643 1281 702">
    <p class='ocr_par' dir='ltr' id='par_1_2' title="bbox 938 643 1281 702">
     <span class='ocr_line' id='line_1_2' title="bbox 938 643 1281 702; baseline -0.003 -14"><span class='ocrx_word' id='word_1_4' title='bbox 938 643 1281 702; x_wconf 74' lang='lat'><strong>-158-</strong></span> 
     </span>
    </p>
   </div>
   <div class='ocr_carea' id='block_1_3' title="bbox 0 906 331 3871">
    <p class='ocr_par' dir='ltr' id='par_1_3' title="bbox 0 906 331 3871">
     <span class='ocr_line' id='line_1_3' title="bbox 0 906 266 1158; baseline 0.034 -9"><span class='ocrx_word' id='word_1_5' title='bbox 0 906 266 1158; x_wconf 95' lang='lat' dir='ltr'><strong>     </strong></span> 
     </span>
     <span class='ocr_line' id='line_1_4' title="bbox 0 1158 156 1296; baseline 0 0"><span class='ocrx_word' id='word_1_6' title='bbox 0 1158 156 1296; x_wconf 95' lang='lat' dir='ltr'><strong>  </strong></span> 
     </span>
     <span class='ocr_line' id='line_1_5' title="bbox 0 1296 156 1408; baseline 0 2946"><span class='ocrx_word' id='word_1_7' title='bbox 0 1296 156 1408; x_wconf 95' lang='lat' dir='ltr'><strong> </strong></span> 
     </span>
     <span class='ocr_line' id='line_1_6' title="bbox 0 1408 213 1657; baseline 0 -33"><span class='ocrx_word' id='word_1_8' title='bbox 0 1408 213 1657; x_wconf 95' lang='lat' dir='ltr'><strong>   </strong></span> 
     </span>
     <span class='ocr_line' id='line_1_7' title="bbox 0 1657 200 1960; baseline 0 0"><span class='ocrx_word' id='word_1_9' title='bbox 0 1657 200 1960; x_wconf 95' lang='lat' dir='ltr'><strong>    </strong></span> 
     </span>
     <span class='ocr_line' id='line_1_8' title="bbox 0 1960 262 2043; baseline 0 -53"><span class='ocrx_word' id='word_1_10' title='bbox 0 1960 262 2043; x_wconf 95' lang='lat' dir='ltr'><strong>  </strong></span> 
     </span>
     <span class='ocr_line' id='line_1_9' title="bbox 0 2043 218 2292; baseline 0 -85"><span class='ocrx_word' id='word_1_11' title='bbox 0 2043 218 2292; x_wconf 95' lang='lat' dir='ltr'><strong>    </strong></span> 
     </span>
     <span class='ocr_line' id='line_1_10' title="bbox 0 2292 312 2573; baseline 0 -32"><span class='ocrx_word' id='word_1_12' title='bbox 0 2292 312 2573; x_wconf 95' lang='lat' dir='ltr'><strong>    </strong></span> 
     </span>
     <span class='ocr_line' id='line_1_11' title="bbox 0 2573 295 2768; baseline 0 -59"><span class='ocrx_word' id='word_1_13' title='bbox 0 2573 295 2768; x_wconf 95' lang='lat' dir='ltr'><strong>   </strong></span> 
     </span>
     <span class='ocr_line' id='line_1_12' title="bbox 0 2768 298 2956; baseline 0 -42"><span class='ocrx_word' id='word_1_14' title='bbox 0 2768 298 2956; x_wconf 95' lang='lat' dir='ltr'><strong>   </strong></span> 
     </span>
     <span class='ocr_line' id='line_1_13' title="bbox 2 2956 331 3204; baseline 0 -100"><span class='ocrx_word' id='word_1_15' title='bbox 2 2956 331 3204; x_wconf 95' lang='lat' dir='ltr'><strong>    </strong></span> 
     </span>
     <span class='ocr_line' id='line_1_14' title="bbox 10 3204 316 3366; baseline 0 -45"><span class='ocrx_word' id='word_1_16' title='bbox 10 3204 316 3366; x_wconf 95' lang='lat' dir='ltr'><strong>   </strong></span> 
     </span>
     <span class='ocr_line' id='line_1_15' title="bbox 10 3366 269 3450; baseline 0 904"><span class='ocrx_word' id='word_1_17' title='bbox 10 3366 269 3450; x_wconf 95' lang='lat' dir='ltr'><strong> </strong></span> 
     </span>
     <span class='ocr_line' id='line_1_16' title="bbox 10 3450 296 3650; baseline 0 -106"><span class='ocrx_word' id='word_1_18' title='bbox 10 3450 296 3650; x_wconf 95' lang='lat' dir='ltr'><strong>    </strong></span> 
     </span>
     <span class='ocr_line' id='line_1_17' title="bbox 20 3650 288 3871; baseline 0 0"><span class='ocrx_word' id='word_1_19' title='bbox 20 3650 288 3871; x_wconf 95' lang='lat' dir='ltr'><strong>    </strong></span> 
     </span>
    </p>
   </div>
   <div class='ocr_carea' id='block_1_4' title="bbox 137 803 2110 1033">
    <p class='ocr_par' dir='ltr' id='par_1_4' title="bbox 105 803 2110 1033">
     <span class='ocr_line' id='line_1_18' title="bbox 137 803 2110 872; baseline -0.002 -15"><span class='ocrx_word' id='word_1_20' title='bbox 137 819 159 842; x_wconf 79' lang='grc'><strong>’</strong></span> <span class='ocrx_word' id='word_1_21' title='bbox 180 805 254 858; x_wconf 79' lang='lat' dir='ltr'><strong>Le</strong></span> <span class='ocrx_word' id='word_1_22' title='bbox 291 822 428 872; x_wconf 82' lang='lat' dir='ltr'><strong>pape</strong></span> <span class='ocrx_word' id='word_1_23' title='bbox 468 804 681 869; x_wconf 58' lang='lat' dir='ltr'><strong>designo</strong></span> <span class='ocrx_word' id='word_1_24' title='bbox 722 805 793 855; x_wconf 77' lang='lat' dir='ltr'><strong>les</strong></span> <span class='ocrx_word' id='word_1_25' title='bbox 833 803 986 869; x_wconf 78' lang='lat' dir='ltr'><strong>juges</strong></span> <span class='ocrx_word' id='word_1_26' title='bbox 1027 803 1119 870; x_wconf 79' lang='lat' dir='ltr'><strong>qui</strong></span> <span class='ocrx_word' id='word_1_27' title='bbox 1160 804 1369 854; x_wconf 69' lang='lat' dir='ltr'><strong>deor-ont</strong></span> <span class='ocrx_word' id='word_1_28' title='bbox 1412 804 1667 854; x_wconf 79' lang='lat' dir='ltr'><strong>absoudre</strong></span> <span class='ocrx_word' id='word_1_29' title='bbox 1710 822 1777 853; x_wconf 82' lang='lat' dir='ltr'><strong>ou</strong></span> <span class='ocrx_word' id='word_1_30' title='bbox 1821 804 1996 869; x_wconf 83' lang='lat' dir='ltr'><strong>pum&#39;r</strong></span> <span class='ocrx_word' id='word_1_31' title='bbox 2038 804 2110 855; x_wconf 76' lang='lat' dir='ltr'><strong>les</strong></span> 
     </span>
     <span class='ocr_line' id='line_1_19' title="bbox 266 887 2110 954; baseline -0.001 -14.161"><span class='ocrx_word' id='word_1_32' title='bbox 266 906 318 940; x_wconf 81' lang='lat' dir='ltr'><strong>rs</strong></span> <span class='ocrx_word' id='word_1_33' title='bbox 360 889 432 939; x_wconf 82' lang='lat' dir='ltr'><strong>du</strong></span> <span class='ocrx_word' id='word_1_34' title='bbox 474 888 694 954; x_wconf 80' lang='lat' dir='ltr'><strong>complet</strong></span> <span class='ocrx_word' id='word_1_35' title='bbox 737 889 796 938; x_wconf 79' lang='lat' dir='ltr'><strong>de</strong></span> <span class='ocrx_word' id='word_1_36' title='bbox 837 888 972 953; x_wconf 61' lang='lat' dir='ltr'><strong>faux</strong></span> <span class='ocrx_word' id='word_1_37' title='bbox 1019 887 1345 951; x_wconf 67' lang='lat' dir='ltr'><strong>oemoignage</strong></span> <span class='ocrx_word' id='word_1_38' title='bbox 1401 888 1636 937; x_wconf 83' lang='lat' dir='ltr'><em>machine</em></span> <span class='ocrx_word' id='word_1_39' title='bbox 1679 899 1848 938; x_wconf 79' lang='lat' dir='ltr'><strong>contre</strong></span> <span class='ocrx_word' id='word_1_40' title='bbox 1891 887 2110 954; x_wconf 67' lang='lat' dir='ltr'><strong>l’eveque</strong></span> 
     </span>
     <span class='ocr_line' id='line_1_20' title="bbox 159 969 2110 1033; baseline -0.001 -9.952"><span class='ocrx_word' id='word_1_41' title='bbox 159 971 440 1033; x_wconf 60' lang='lat' dir='ltr'><strong>flexior-s,</strong></span> <span class='ocrx_word' id='word_1_42' title='bbox 479 974 662 1022; x_wconf 80' lang='lat' dir='ltr'><strong>accuse‘</strong></span> <span class='ocrx_word' id='word_1_43' title='bbox 696 971 899 1022; x_wconf 70' lang='lat' dir='ltr'><strong>d&#39;avoir</strong></span> <span class='ocrx_word' id='word_1_44' title='bbox 935 973 1067 1020; x_wconf 68' lang='lat' dir='ltr'><strong>teme</strong></span> <span class='ocrx_word' id='word_1_45' title='bbox 1102 969 1158 1019; x_wconf 85' lang='lat' dir='ltr'><strong>d’</strong></span> <span class='ocrx_word' id='word_1_46' title='bbox 1162 972 1404 1020; x_wconf 65' lang='lat' dir='ltr'><strong>envosster</strong></span> <span class='ocrx_word' id='word_1_47' title='bbox 1442 970 1579 1020; x_wconf 84' lang='lat' dir='ltr'><strong>Jean</strong></span> <span class='ocrx_word' id='word_1_48' title='bbox 1616 971 1729 1021; x_wconf 87' lang='lat' dir='ltr'><strong>XX</strong></span> <span class='ocrx_word' id='word_1_49' title='bbox 1735 970 1814 1021; x_wconf 91' lang='lat'><strong>11</strong></span> <span class='ocrx_word' id='word_1_50' title='bbox 1866 999 1935 1006; x_wconf 95' lang='lat'><strong>—</strong></span> <span class='ocrx_word' id='word_1_51' title='bbox 1984 970 2110 1021; x_wconf 76' lang='lat' dir='ltr'><strong>Avi-</strong></span> 
     </span>
    </p>
   </div>
   <div class='ocr_carea' id='block_1_5' title="bbox 140 1053 800 1117">
    <p class='ocr_par' dir='ltr' id='par_1_5' title="bbox 140 1053 800 1117">
     <span class='ocr_line' id='line_1_21' title="bbox 140 1053 800 1117; baseline -0.005 -9.78"><span class='ocrx_word' id='word_1_52' title='bbox 140 1072 275 1117; x_wconf 88' lang='lat' dir='ltr'><strong>on,</strong></span> <span class='ocrx_word' id='word_1_53' title='bbox 304 1055 372 1106; x_wconf 86' lang='lat'><strong>29</strong></span> <span class='ocrx_word' id='word_1_54' title='bbox 399 1055 620 1105; x_wconf 88' lang='lat' dir='ltr'><strong>octobre</strong></span> <span class='ocrx_word' id='word_1_55' title='bbox 650 1053 800 1104; x_wconf 89' lang='grc'>1337</span> 
     </span>
    </p>
   </div>
   <div class='ocr_carea' id='block_1_6' title="bbox 115 1175 2109 1380">
    <p class='ocr_par' dir='ltr' id='par_1_6' title="bbox 115 1175 2109 1380">
     <span class='ocr_line' id='line_1_22' title="bbox 456 1175 2109 1240; baseline -0.001 -12"><span class='ocrx_word' id='word_1_56' title='bbox 456 1187 565 1240; x_wconf 76' lang='lat' dir='ltr'><strong>Reg.</strong></span> <span class='ocrx_word' id='word_1_57' title='bbox 593 1186 748 1236; x_wconf 66' lang='lat' dir='ltr'><strong>Auen„</strong></span> <span class='ocrx_word' id='word_1_58' title='bbox 794 1193 827 1227; x_wconf 86' lang='lat' dir='ltr'><strong>t.</strong></span> <span class='ocrx_word' id='word_1_59' title='bbox 858 1200 918 1238; x_wconf 81' lang='lat' dir='ltr'><strong>u,</strong></span> <span class='ocrx_word' id='word_1_60' title='bbox 947 1185 1022 1227; x_wconf 75' lang='lat' dir='ltr'><strong>rol.</strong></span> <span class='ocrx_word' id='word_1_61' title='bbox 1051 1186 1155 1232; x_wconf 85' lang='lat' dir='ltr'><strong>25o;</strong></span> <span class='ocrx_word' id='word_1_62' title='bbox 1201 1175 1305 1237; x_wconf 71' lang='lat' dir='ltr'><strong>Reg.</strong></span> <span class='ocrx_word' id='word_1_63' title='bbox 1356 1185 1470 1236; x_wconf 64' lang='lat' dir='ltr'><strong>Vnt„</strong></span> <span class='ocrx_word' id='word_1_64' title='bbox 1499 1192 1533 1226; x_wconf 89' lang='lat' dir='ltr'><strong>t.</strong></span> <span class='ocrx_word' id='word_1_65' title='bbox 1566 1199 1726 1238; x_wconf 78' lang='lat' dir='ltr'><strong>cxxxv,</strong></span> <span class='ocrx_word' id='word_1_66' title='bbox 1755 1201 1796 1226; x_wconf 90' lang='lat' dir='ltr'><strong>n.</strong></span> <span class='ocrx_word' id='word_1_67' title='bbox 1826 1186 1909 1227; x_wconf 81' lang='lat'><strong>412</strong></span> <span class='ocrx_word' id='word_1_68' title='bbox 1937 1193 1984 1227; x_wconf 88' lang='lat' dir='ltr'><strong>et</strong></span> <span class='ocrx_word' id='word_1_69' title='bbox 2011 1187 2109 1237; x_wconf 88' lang='grc'><strong>132,</strong></span> 
     </span>
     <span class='ocr_line' id='line_1_23' title="bbox 394 1254 2108 1309; baseline -0.001 -11"><span class='ocrx_word' id='word_1_70' title='bbox 394 1255 470 1298; x_wconf 78' lang='lat' dir='ltr'><strong>rol.</strong></span> <span class='ocrx_word' id='word_1_71' title='bbox 485 1256 568 1298; x_wconf 85' lang='lat'><strong>100</strong></span> <span class='ocrx_word' id='word_1_72' title='bbox 583 1260 650 1308; x_wconf 68' lang='grc' dir='ltr'><strong>νῦ,</strong></span> <span class='ocrx_word' id='word_1_73' title='bbox 669 1270 712 1297; x_wconf 85' lang='lat' dir='ltr'><strong>n.</strong></span> <span class='ocrx_word' id='word_1_74' title='bbox 732 1256 836 1304; x_wconf 85' lang='lat'><strong>343;</strong></span> <span class='ocrx_word' id='word_1_75' title='bbox 854 1255 1064 1307; x_wconf 83' lang='lat' dir='ltr'><strong>Daumet,</strong></span> <span class='ocrx_word' id='word_1_76' title='bbox 1082 1269 1152 1309; x_wconf 82' lang='lat' dir='ltr'><strong>op.</strong></span> <span class='ocrx_word' id='word_1_77' title='bbox 1174 1254 1262 1306; x_wconf 68' lang='lat' dir='ltr'><strong>cit„</strong></span> <span class='ocrx_word' id='word_1_78' title='bbox 1282 1270 1324 1295; x_wconf 93' lang='lat' dir='ltr'><strong>n.</strong></span> <span class='ocrx_word' id='word_1_79' title='bbox 1346 1255 1423 1295; x_wconf 85' lang='lat'><strong>371</strong></span> <span class='ocrx_word' id='word_1_80' title='bbox 1447 1254 1683 1308; x_wconf 80' lang='lat' dir='ltr'><strong>(analyse);</strong></span> <span class='ocrx_word' id='word_1_81' title='bbox 1706 1256 1903 1308; x_wconf 87' lang='lat' dir='ltr'><strong>Hansen,</strong></span> <span class='ocrx_word' id='word_1_82' title='bbox 1917 1256 2108 1309; x_wconf 82' lang='lat' dir='ltr'><strong>Quellen,</strong></span> 
     </span>
     <span class='ocr_line' id='line_1_24' title="bbox 115 1314 1027 1380; baseline -0.001 -13"><span class='ocrx_word' id='word_1_83' title='bbox 115 1314 120 1318; x_wconf 56' lang='grc'><strong>’</strong></span> <span class='ocrx_word' id='word_1_84' title='bbox 391 1332 494 1378; x_wconf 68' lang='lat' dir='ltr'><strong>etc„</strong></span> <span class='ocrx_word' id='word_1_85' title='bbox 516 1339 560 1380; x_wconf 87' lang='lat' dir='ltr'><strong>p.</strong></span> <span class='ocrx_word' id='word_1_86' title='bbox 584 1325 655 1378; x_wconf 79' lang='lat'><strong>12,</strong></span> <span class='ocrx_word' id='word_1_87' title='bbox 678 1339 721 1366; x_wconf 92' lang='lat' dir='ltr'><strong>n.</strong></span> <span class='ocrx_word' id='word_1_88' title='bbox 746 1325 800 1366; x_wconf 87' lang='grc'><strong>20</strong></span> <span class='ocrx_word' id='word_1_89' title='bbox 827 1324 892 1378; x_wconf 81' lang='lat' dir='ltr'><strong>(in</strong></span> <span class='ocrx_word' id='word_1_90' title='bbox 913 1324 1027 1376; x_wconf 61' lang='lat' dir='ltr'><strong>est).</strong></span> 
     </span>
    </p>
   </div>
   <div class='ocr_carea' id='block_1_7' title="bbox 2 1146 154 1236">
    <p class='ocr_par' dir='ltr' id='par_1_7' title="bbox 2 1146 154 1236">
     <span class='ocr_line' id='line_1_25' title="bbox 2 1146 154 1174; baseline -0.007 -1"><span class='ocrx_word' id='word_1_91' title='bbox 2 1156 8 1173; x_wconf 70' lang='lat' dir='ltr'><strong><em>J</em></strong></span> <span class='ocrx_word' id='word_1_92' title='bbox 102 1146 154 1174; x_wconf 60' lang='grc' dir='ltr'><strong>ν·</strong></span> 
     </span>
     <span class='ocr_line' id='line_1_26' title="bbox 3 1181 110 1236; baseline -0.019 0"><span class='ocrx_word' id='word_1_93' title='bbox 3 1181 12 1236; x_wconf 62' lang='grc' dir='ltr'><strong>ἔ</strong></span> <span class='ocrx_word' id='word_1_94' title='bbox 107 1228 110 1234; x_wconf 95' lang='grc'>.</span> 
     </span>
    </p>
   </div>
   <div class='ocr_carea' id='block_1_8' title="bbox 15 1441 2133 2923">
    <p class='ocr_par' dir='ltr' id='par_1_8' title="bbox 15 1441 2133 2923">
     <span class='ocr_line' id='line_1_27' title="bbox 184 1441 2106 1507; baseline -0.002 -12.081"><span class='ocrx_word' id='word_1_95' title='bbox 184 1441 406 1496; x_wconf 85' lang='lat' dir='ltr'><strong>Dilectis</strong></span> <span class='ocrx_word' id='word_1_96' title='bbox 448 1441 570 1492; x_wconf 77' lang='lat' dir='ltr'><strong>filiis</strong></span> <span class='ocrx_word' id='word_1_97' title='bbox 612 1443 771 1493; x_wconf 89' lang='lat' dir='ltr'><strong>Petro</strong></span> <span class='ocrx_word' id='word_1_98' title='bbox 811 1441 876 1491; x_wconf 90' lang='lat' dir='ltr'><strong>de</strong></span> <span class='ocrx_word' id='word_1_99' title='bbox 919 1441 1352 1507; x_wconf 88' lang='lat' dir='ltr'><strong>Montespertuli,</strong></span> <span class='ocrx_word' id='word_1_100' title='bbox 1393 1441 1782 1492; x_wconf 87' lang='lat' dir='ltr'><strong>archidiacono</strong></span> <span class='ocrx_word' id='word_1_101' title='bbox 1824 1442 1888 1492; x_wconf 90' lang='lat' dir='ltr'><strong>de</strong></span> <span class='ocrx_word' id='word_1_102' title='bbox 1931 1443 2106 1493; x_wconf 88' lang='lat' dir='ltr'><strong>Luna-</strong></span> 
     </span>
     <span class='ocr_line' id='line_1_28' title="bbox 108 1524 2109 1593; baseline -0.002 -14"><span class='ocrx_word' id='word_1_103' title='bbox 108 1524 199 1593; x_wconf 61' lang='grc' dir='ltr'><strong>9,ζό</strong></span> <span class='ocrx_word' id='word_1_104' title='bbox 229 1525 587 1588; x_wconf 86' lang='lat' dir='ltr'><strong>Biterren.,et</strong></span> <span class='ocrx_word' id='word_1_105' title='bbox 621 1524 857 1576; x_wconf 90' lang='lat' dir='ltr'><strong>Guidoni</strong></span> <span class='ocrx_word' id='word_1_106' title='bbox 891 1524 1489 1590; x_wconf 89' lang='lat' dir='ltr'><strong>Guidonis,utriusque</strong></span> <span class='ocrx_word' id='word_1_107' title='bbox 1524 1524 1652 1575; x_wconf 90' lang='lat' dir='ltr'><strong>iuris</strong></span> <span class='ocrx_word' id='word_1_108' title='bbox 1670 1525 1975 1591; x_wconf 78' lang='lat' dir='ltr'><strong>professori,</strong></span> <span class='ocrx_word' id='word_1_109' title='bbox 1994 1544 2109 1591; x_wconf 90' lang='lat' dir='ltr'><strong>pre·</strong></span> 
     </span>
     <span class='ocr_line' id='line_1_29' title="bbox 192 1607 2107 1670; baseline -0.001 -10.081"><span class='ocrx_word' id='word_1_110' title='bbox 192 1608 322 1666; x_wconf 43' lang='lat' dir='ltr'><strong>{tori</strong></span> <span class='ocrx_word' id='word_1_111' title='bbox 358 1608 636 1660; x_wconf 88' lang='lat' dir='ltr'><strong>Lodoven.</strong></span> <span class='ocrx_word' id='word_1_112' title='bbox 675 1607 1042 1670; x_wconf 90' lang='lat' dir='ltr'><strong>ecclesiarum,</strong></span> <span class='ocrx_word' id='word_1_113' title='bbox 1094 1608 1346 1659; x_wconf 87' lang='lat' dir='ltr'><strong>salutem.</strong></span> <span class='ocrx_word' id='word_1_114' title='bbox 1408 1636 1476 1643; x_wconf 95' lang='lat'><strong>—</strong></span> <span class='ocrx_word' id='word_1_115' title='bbox 1526 1608 1608 1658; x_wconf 88' lang='lat' dir='ltr'><strong>Ad</strong></span> <span class='ocrx_word' id='word_1_116' title='bbox 1661 1626 1823 1659; x_wconf 90' lang='lat' dir='ltr'><strong>ausus</strong></span> <span class='ocrx_word' id='word_1_117' title='bbox 1875 1609 2107 1659; x_wconf 82' lang='lat' dir='ltr'><strong>nefarios</strong></span> 
     </span>
     <span class='ocr_line' id='line_1_30' title="bbox 114 1689 2133 1759; baseline -0.001 -15"><span class='ocrx_word' id='word_1_118' title='bbox 114 1692 487 1759; x_wconf 83' lang='lat' dir='ltr'><strong>proborum</strong></span> <span class='ocrx_word' id='word_1_119' title='bbox 517 1700 576 1741; x_wconf 90' lang='lat' dir='ltr'><strong>et</strong></span> <span class='ocrx_word' id='word_1_120' title='bbox 606 1689 1025 1757; x_wconf 83' lang='lat' dir='ltr'><strong>malignantium</strong></span> <span class='ocrx_word' id='word_1_121' title='bbox 1055 1691 1427 1757; x_wconf 88' lang='lat' dir='ltr'><strong>reprimendos</strong></span> <span class='ocrx_word' id='word_1_122' title='bbox 1459 1700 1515 1740; x_wconf 90' lang='lat' dir='ltr'><strong>et</strong></span> <span class='ocrx_word' id='word_1_123' title='bbox 1546 1708 1612 1741; x_wconf 89' lang='lat' dir='ltr'><strong>ne</strong></span> <span class='ocrx_word' id='word_1_124' title='bbox 1645 1693 1714 1741; x_wconf 83' lang='lat' dir='ltr'><strong>ab</strong></span> <span class='ocrx_word' id='word_1_125' title='bbox 1746 1691 1820 1741; x_wconf 90' lang='lat' dir='ltr'><strong>eis</strong></span> <span class='ocrx_word' id='word_1_126' title='bbox 1852 1691 2133 1741; x_wconf 69' lang='lat' dir='ltr'><strong>innocen·⁸</strong></span> 
     </span>
     <span class='ocr_line' id='line_1_31' title="bbox 16 1773 2105 1863; baseline -0.001 -37"><span class='ocrx_word' id='word_1_127' title='bbox 16 1832 22 1863; x_wconf 46' lang='grc' dir='ltr'><strong><em>ι</em></strong></span> <span class='ocrx_word' id='word_1_128' title='bbox 224 1785 281 1828; x_wconf 81' lang='lat' dir='ltr'><strong>st</strong></span> <span class='ocrx_word' id='word_1_129' title='bbox 311 1774 468 1842; x_wconf 88' lang='lat' dir='ltr'><strong>probi</strong></span> <span class='ocrx_word' id='word_1_130' title='bbox 499 1773 809 1840; x_wconf 78' lang='lat' dir='ltr'><strong>gradientes</strong></span> <span class='ocrx_word' id='word_1_131' title='bbox 842 1792 937 1841; x_wconf 87' lang='lat' dir='ltr'><strong>per</strong></span> <span class='ocrx_word' id='word_1_132' title='bbox 969 1773 1117 1825; x_wconf 86' lang='lat' dir='ltr'><strong>viam</strong></span> <span class='ocrx_word' id='word_1_133' title='bbox 1148 1773 1493 1825; x_wconf 82' lang='lat' dir='ltr'><strong>rectitudinis</strong></span> <span class='ocrx_word' id='word_1_134' title='bbox 1512 1775 1884 1834; x_wconf 84' lang='lat' dir='ltr'><strong>molestentur,</strong></span> <span class='ocrx_word' id='word_1_135' title='bbox 1919 1776 2105 1824; x_wconf 88' lang='lat' dir='ltr'><strong>admo-</strong></span> 
     </span>
     <span class='ocr_line' id='line_1_32' title="bbox 15 1857 2104 1926; baseline -0.001 -16"><span class='ocrx_word' id='word_1_136' title='bbox 15 1865 34 1911; x_wconf 54' lang='lat'><strong><em>?</em></strong></span> <span class='ocrx_word' id='word_1_137' title='bbox 118 1866 243 1917; x_wconf 67' lang='lat' dir='ltr'><strong>um</strong></span> <span class='ocrx_word' id='word_1_138' title='bbox 269 1868 540 1926; x_wconf 87' lang='lat' dir='ltr'><strong>oportuna</strong></span> <span class='ocrx_word' id='word_1_139' title='bbox 571 1857 877 1909; x_wconf 78' lang='lat' dir='ltr'><strong>dinoscitur</strong></span> <span class='ocrx_word' id='word_1_140' title='bbox 904 1875 1018 1908; x_wconf 87' lang='lat' dir='ltr'><strong>esse</strong></span> <span class='ocrx_word' id='word_1_141' title='bbox 1049 1857 1265 1909; x_wconf 88' lang='lat' dir='ltr'><strong>iusticia</strong></span> <span class='ocrx_word' id='word_1_142' title='bbox 1297 1857 1448 1908; x_wconf 91' lang='lat' dir='ltr'><strong>cuius</strong></span> <span class='ocrx_word' id='word_1_143' title='bbox 1478 1858 1609 1909; x_wconf 88' lang='lat' dir='ltr'><strong>lima</strong></span> <span class='ocrx_word' id='word_1_144' title='bbox 1639 1876 1891 1908; x_wconf 86' lang='lat' dir='ltr'><strong>excessus</strong></span> <span class='ocrx_word' id='word_1_145' title='bbox 1922 1868 1977 1907; x_wconf 92' lang='lat' dir='ltr'><strong>et</strong></span> <span class='ocrx_word' id='word_1_146' title='bbox 2007 1857 2104 1908; x_wconf 86' lang='lat' dir='ltr'><strong>cri-</strong></span> 
     </span>
     <span class='ocr_line' id='line_1_33' title="bbox 16 1932 2104 2015; baseline -0.001 -22"><span class='ocrx_word' id='word_1_147' title='bbox 16 1932 33 2015; x_wconf 54' lang='lat'>}</span> <span class='ocrx_word' id='word_1_148' title='bbox 109 1962 127 2006; x_wconf 47' lang='lat' dir='ltr'><strong>g</strong></span> <span class='ocrx_word' id='word_1_149' title='bbox 172 1940 242 1985; x_wconf 71' lang='grc' dir='ltr'><strong>ἰτ</strong></span> <span class='ocrx_word' id='word_1_150' title='bbox 294 1941 729 2009; x_wconf 86' lang='lat' dir='ltr'><strong>delinquentium</strong></span> <span class='ocrx_word' id='word_1_151' title='bbox 766 1940 1124 2007; x_wconf 80' lang='lat' dir='ltr'><strong>corrigantur.</strong></span> <span class='ocrx_word' id='word_1_152' title='bbox 1167 1941 1390 1991; x_wconf 91' lang='lat' dir='ltr'><strong>Dudum</strong></span> <span class='ocrx_word' id='word_1_153' title='bbox 1429 1941 1696 2007; x_wconf 85' lang='lat' dir='ltr'><strong>siquidem</strong></span> <span class='ocrx_word' id='word_1_154' title='bbox 1736 1942 1997 2007; x_wconf 88' lang='lat' dir='ltr'><strong>perducto</strong></span> <span class='ocrx_word' id='word_1_155' title='bbox 2036 1942 2104 1991; x_wconf 89' lang='lat' dir='ltr'><strong>ad</strong></span> 
     </span>
     <span class='ocr_line' id='line_1_34' title="bbox 19 2023 2105 2092; baseline -0.001 -15"><span class='ocrx_word' id='word_1_156' title='bbox 19 2023 38 2084; x_wconf 46' lang='grc' dir='ltr'><strong>ξι</strong></span> <span class='ocrx_word' id='word_1_157' title='bbox 125 2037 138 2085; x_wconf 56' lang='lat' dir='ltr'><strong>j,</strong></span> <span class='ocrx_word' id='word_1_158' title='bbox 210 2024 284 2076; x_wconf 80' lang='lat' dir='ltr'><strong>tri</strong></span> <span class='ocrx_word' id='word_1_159' title='bbox 311 2025 652 2092; x_wconf 89' lang='lat' dir='ltr'><strong>apostolatus</strong></span> <span class='ocrx_word' id='word_1_160' title='bbox 684 2025 937 2076; x_wconf 89' lang='lat' dir='ltr'><strong>auditum</strong></span> <span class='ocrx_word' id='word_1_161' title='bbox 970 2024 1116 2090; x_wconf 90' lang='lat' dir='ltr'><strong>quod</strong></span> <span class='ocrx_word' id='word_1_162' title='bbox 1169 2023 1483 2076; x_wconf 90' lang='lat' dir='ltr'><strong>Franciscus</strong></span> <span class='ocrx_word' id='word_1_163' title='bbox 1530 2024 1735 2075; x_wconf 87' lang='lat' dir='ltr'><strong>Juliani</strong></span> <span class='ocrx_word' id='word_1_164' title='bbox 1778 2034 1834 2073; x_wconf 91' lang='lat' dir='ltr'><strong>et</strong></span> <span class='ocrx_word' id='word_1_165' title='bbox 1880 2023 2105 2075; x_wconf 85' lang='lat' dir='ltr'><strong>Michael</strong></span> 
     </span>
     <span class='ocr_line' id='line_1_35' title="bbox 16 2099 2103 2174; baseline -0.003 -11"><span class='ocrx_word' id='word_1_166' title='bbox 16 2099 132 2136; x_wconf 63' lang='grc'><strong>’””’·’</strong></span> <span class='ocrx_word' id='word_1_167' title='bbox 189 2155 198 2163; x_wconf 90' lang='grc'>,</span> <span class='ocrx_word' id='word_1_168' title='bbox 227 2107 550 2171; x_wconf 81' lang='lat' dir='ltr'><strong>Parietibus,</strong></span> <span class='ocrx_word' id='word_1_169' title='bbox 597 2107 775 2159; x_wconf 86' lang='lat' dir='ltr'><strong>clerici</strong></span> <span class='ocrx_word' id='word_1_170' title='bbox 819 2108 1084 2160; x_wconf 84' lang='lat' dir='ltr'><strong>Biterren.</strong></span> <span class='ocrx_word' id='word_1_171' title='bbox 1132 2107 1378 2169; x_wconf 89' lang='lat' dir='ltr'><strong>diocesis,</strong></span> <span class='ocrx_word' id='word_1_172' title='bbox 1425 2107 1624 2174; x_wconf 87' lang='lat' dir='ltr'><strong>aliique</strong></span> <span class='ocrx_word' id='word_1_173' title='bbox 1684 2107 1930 2158; x_wconf 89' lang='lat' dir='ltr'><strong>nonnulli</strong></span> <span class='ocrx_word' id='word_1_174' title='bbox 1989 2124 2103 2173; x_wconf 83' lang='lat' dir='ltr'><strong>per·</strong></span> 
     </span>
     <span class='ocr_line' id='line_1_36' title="bbox 47 2188 2106 2258; baseline -0.002 -13"><span class='ocrx_word' id='word_1_175' title='bbox 47 2212 53 2230; x_wconf 92' lang='grc'><strong>·-</strong></span> <span class='ocrx_word' id='word_1_176' title='bbox 149 2188 335 2244; x_wconf 78' lang='lat' dir='ltr'><strong>‘onis</strong></span> <span class='ocrx_word' id='word_1_177' title='bbox 383 2190 496 2253; x_wconf 83' lang='lat' dir='ltr'><strong>filii,</strong></span> <span class='ocrx_word' id='word_1_178' title='bbox 543 2191 720 2242; x_wconf 87' lang='lat' dir='ltr'><strong>clerici</strong></span> <span class='ocrx_word' id='word_1_179' title='bbox 763 2201 820 2241; x_wconf 87' lang='lat' dir='ltr'><strong>et</strong></span> <span class='ocrx_word' id='word_1_180' title='bbox 865 2190 1028 2256; x_wconf 88' lang='lat' dir='ltr'><strong>layci,</strong></span> <span class='ocrx_word' id='word_1_181' title='bbox 1048 2190 1176 2241; x_wconf 89' lang='lat' dir='ltr'><strong>olim</strong></span> <span class='ocrx_word' id='word_1_182' title='bbox 1221 2200 1467 2258; x_wconf 90' lang='lat' dir='ltr'><strong>tempore</strong></span> <span class='ocrx_word' id='word_1_183' title='bbox 1517 2190 1685 2241; x_wconf 86' lang='lat' dir='ltr'><strong>felicis</strong></span> <span class='ocrx_word' id='word_1_184' title='bbox 1714 2190 2106 2241; x_wconf 89' lang='lat' dir='ltr'><strong>recordationis</strong></span> 
     </span>
     <span class='ocr_line' id='line_1_37' title="bbox 192 2272 2106 2342; baseline -0.002 -15.124"><span class='ocrx_word' id='word_1_185' title='bbox 192 2272 385 2331; x_wconf 72' lang='lat' dir='ltr'><strong>hannis</strong></span> <span class='ocrx_word' id='word_1_186' title='bbox 420 2293 559 2342; x_wconf 92' lang='lat' dir='ltr'><strong>pape</strong></span> <span class='ocrx_word' id='word_1_187' title='bbox 599 2275 771 2326; x_wconf 91' lang='lat' dir='ltr'><strong>XXII</strong></span> <span class='ocrx_word' id='word_1_188' title='bbox 807 2274 1204 2342; x_wconf 86' lang='lat' dir='ltr'><strong>predecessoris</strong></span> <span class='ocrx_word' id='word_1_189' title='bbox 1241 2274 1432 2334; x_wconf 89' lang='lat' dir='ltr'><strong>nostri,</strong></span> <span class='ocrx_word' id='word_1_190' title='bbox 1469 2274 1538 2325; x_wconf 90' lang='lat' dir='ltr'><strong>ad</strong></span> <span class='ocrx_word' id='word_1_191' title='bbox 1589 2273 1957 2340; x_wconf 89' lang='lat' dir='ltr'><strong>patrationem</strong></span> <span class='ocrx_word' id='word_1_192' title='bbox 2015 2275 2106 2324; x_wconf 90' lang='lat' dir='ltr'><strong>ssa-</strong></span> 
     </span>
     <span class='ocr_line' id='line_1_38' title="bbox 333 2356 2103 2424; baseline -0.002 -15.303"><span class='ocrx_word' id='word_1_193' title='bbox 333 2357 543 2409; x_wconf 87' lang='lat' dir='ltr'><strong>sceleris</strong></span> <span class='ocrx_word' id='word_1_194' title='bbox 582 2375 677 2424; x_wconf 88' lang='lat' dir='ltr'><strong>per</strong></span> <span class='ocrx_word' id='word_1_195' title='bbox 715 2376 881 2424; x_wconf 92' lang='lat' dir='ltr'><strong>quam</strong></span> <span class='ocrx_word' id='word_1_196' title='bbox 920 2358 1269 2408; x_wconf 90' lang='lat' dir='ltr'><strong>innocentem</strong></span> <span class='ocrx_word' id='word_1_197' title='bbox 1310 2357 1677 2408; x_wconf 89' lang='lat' dir='ltr'><strong>moliebantur</strong></span> <span class='ocrx_word' id='word_1_198' title='bbox 1716 2357 1825 2408; x_wconf 86' lang='lat' dir='ltr'><strong>suis</strong></span> <span class='ocrx_word' id='word_1_199' title='bbox 1855 2356 2103 2407; x_wconf 79' lang='lat' dir='ltr'><strong>nefandis</strong></span> 
     </span>
     <span class='ocr_line' id='line_1_39' title="bbox 155 2441 2102 2513; baseline -0.002 -21"><span class='ocrx_word' id='word_1_200' title='bbox 155 2500 171 2513; x_wconf 25' lang='lat'><strong>‘-</strong></span> <span class='ocrx_word' id='word_1_201' title='bbox 342 2441 563 2508; x_wconf 85' lang='lat' dir='ltr'><strong>perdere</strong></span> <span class='ocrx_word' id='word_1_202' title='bbox 598 2441 849 2507; x_wconf 90' lang='lat' dir='ltr'><strong>nequiter</strong></span> <span class='ocrx_word' id='word_1_203' title='bbox 884 2441 1251 2503; x_wconf 90' lang='lat' dir='ltr'><strong>intendentes,</strong></span> <span class='ocrx_word' id='word_1_204' title='bbox 1289 2459 1383 2507; x_wconf 91' lang='lat' dir='ltr'><strong>per</strong></span> <span class='ocrx_word' id='word_1_205' title='bbox 1417 2441 1629 2492; x_wconf 88' lang='lat' dir='ltr'><strong>litteras</strong></span> <span class='ocrx_word' id='word_1_206' title='bbox 1667 2459 1758 2491; x_wconf 89' lang='lat' dir='ltr'><strong>seu</strong></span> <span class='ocrx_word' id='word_1_207' title='bbox 1806 2441 2102 2506; x_wconf 87' lang='lat' dir='ltr'><strong>scripturas</strong></span> 
     </span>
     <span class='ocr_line' id='line_1_40' title="bbox 146 2523 2103 2591; baseline -0.002 -15"><span class='ocrx_word' id='word_1_208' title='bbox 146 2530 193 2564; x_wconf 73' lang='lat'><strong>&#39;·</strong></span> <span class='ocrx_word' id='word_1_209' title='bbox 216 2549 251 2567; x_wconf 55' lang='grc' dir='ltr'>ν</span> <span class='ocrx_word' id='word_1_210' title='bbox 313 2534 371 2575; x_wconf 82' lang='lat' dir='ltr'><strong>et</strong></span> <span class='ocrx_word' id='word_1_211' title='bbox 407 2524 732 2591; x_wconf 85' lang='lat' dir='ltr'><strong>proditorias</strong></span> <span class='ocrx_word' id='word_1_212' title='bbox 772 2543 907 2591; x_wconf 92' lang='lat' dir='ltr'><strong>quas</strong></span> <span class='ocrx_word' id='word_1_213' title='bbox 946 2524 1049 2591; x_wconf 87' lang='lat' dir='ltr'><strong>ipsi</strong></span> <span class='ocrx_word' id='word_1_214' title='bbox 1087 2535 1507 2591; x_wconf 89' lang='lat' dir='ltr'><strong>composuerant</strong></span> <span class='ocrx_word' id='word_1_215' title='bbox 1544 2542 1637 2575; x_wconf 91' lang='lat' dir='ltr'><strong>seu</strong></span> <span class='ocrx_word' id='word_1_216' title='bbox 1677 2523 1930 2589; x_wconf 89' lang='lat' dir='ltr'><strong>componi</strong></span> <span class='ocrx_word' id='word_1_217' title='bbox 1966 2523 2103 2573; x_wconf 83' lang='lat' dir='ltr'><strong>fece·</strong></span> 
     </span>
     <span class='ocr_line' id='line_1_41' title="bbox 195 2606 2101 2675; baseline -0.002 -16.098"><span class='ocrx_word' id='word_1_218' title='bbox 147 2611 258 2670; x_wconf 64' lang='lat' dir='ltr'><strong>t,</strong></span> <span class='ocrx_word' id='word_1_219' title='bbox 291 2616 410 2659; x_wconf 84' lang='lat' dir='ltr'><strong>tam</strong></span> <span class='ocrx_word' id='word_1_220' title='bbox 446 2607 659 2675; x_wconf 85' lang='lat' dir='ltr'><strong>prefato</strong></span> <span class='ocrx_word' id='word_1_221' title='bbox 698 2607 1062 2674; x_wconf 89' lang='lat' dir='ltr'><strong>predecessori</strong></span> <span class='ocrx_word' id='word_1_222' title='bbox 1099 2626 1265 2673; x_wconf 91' lang='lat' dir='ltr'><strong>quam</strong></span> <span class='ocrx_word' id='word_1_223' title='bbox 1317 2607 1645 2673; x_wconf 89' lang='lat' dir='ltr'><strong>quibusdam</strong></span> <span class='ocrx_word' id='word_1_224' title='bbox 1698 2607 1799 2657; x_wconf 87' lang='lat' dir='ltr'><strong>sibi</strong></span> <span class='ocrx_word' id='word_1_225' title='bbox 1848 2606 2101 2656; x_wconf 89' lang='lat' dir='ltr'><strong>assisten-</strong></span> 
     </span>
     <span class='ocr_line' id='line_1_42' title="bbox 173 2679 2101 2742; baseline -0.003 0"><span class='ocrx_word' id='word_1_226' title='bbox 173 2679 177 2685; x_wconf 31' lang='lat'><strong>¹</strong></span> <span class='ocrx_word' id='word_1_227' title='bbox 217 2716 220 2728; x_wconf 91' lang='lat'>·</span> <span class='ocrx_word' id='word_1_228' title='bbox 295 2689 432 2742; x_wconf 75' lang='lat' dir='ltr'><strong>falso</strong></span> <span class='ocrx_word' id='word_1_229' title='bbox 465 2700 523 2741; x_wconf 91' lang='lat' dir='ltr'><strong>et</strong></span> <span class='ocrx_word' id='word_1_230' title='bbox 558 2692 893 2742; x_wconf 87' lang='lat' dir='ltr'><strong>mendaciter</strong></span> <span class='ocrx_word' id='word_1_231' title='bbox 941 2690 1275 2741; x_wconf 88' lang='lat' dir='ltr'><strong>intimarunt</strong></span> <span class='ocrx_word' id='word_1_232' title='bbox 1324 2691 1688 2741; x_wconf 88' lang='lat' dir='ltr'><strong>venerabilem</strong></span> <span class='ocrx_word' id='word_1_233' title='bbox 1739 2690 1962 2740; x_wconf 80' lang='lat' dir='ltr'><strong>fratrem</strong></span> <span class='ocrx_word' id='word_1_234' title='bbox 2010 2707 2101 2738; x_wconf 90' lang='lat' dir='ltr'><strong>no·</strong></span> 
     </span>
     <span class='ocr_line' id='line_1_43' title="bbox 253 2771 2101 2841; baseline -0.003 -16"><span class='ocrx_word' id='word_1_235' title='bbox 253 2799 275 2816; x_wconf 83' lang='lat'><strong>··</strong></span> <span class='ocrx_word' id='word_1_236' title='bbox 341 2772 743 2836; x_wconf 86' lang='lat' dir='ltr'><strong>Guillelmum¹,</strong></span> <span class='ocrx_word' id='word_1_237' title='bbox 797 2774 1118 2841; x_wconf 86' lang='lat' dir='ltr'><strong>episcopum</strong></span> <span class='ocrx_word' id='word_1_238' title='bbox 1171 2771 1459 2831; x_wconf 91' lang='lat' dir='ltr'><strong>Biterren.,</strong></span> <span class='ocrx_word' id='word_1_239' title='bbox 1503 2774 1768 2839; x_wconf 90' lang='lat' dir='ltr'><strong>quasdam</strong></span> <span class='ocrx_word' id='word_1_240' title='bbox 1821 2771 2101 2838; x_wconf 86' lang='lat' dir='ltr'><strong>ymagines</strong></span> 
     </span>
     <span class='ocr_line' id='line_1_44' title="bbox 264 2855 2100 2923; baseline -0.002 -15"><span class='ocrx_word' id='word_1_241' title='bbox 264 2886 281 2900; x_wconf 65' lang='grc' dir='ltr'><strong>ι-</strong></span> <span class='ocrx_word' id='word_1_242' title='bbox 338 2857 648 2923; x_wconf 85' lang='lat' dir='ltr'><strong>baptizatas</strong></span> <span class='ocrx_word' id='word_1_243' title='bbox 693 2868 883 2909; x_wconf 91' lang='lat' dir='ltr'><strong>contra</strong></span> <span class='ocrx_word' id='word_1_244' title='bbox 931 2858 1141 2908; x_wconf 85' lang='lat' dir='ltr'><strong>dictum</strong></span> <span class='ocrx_word' id='word_1_245' title='bbox 1189 2857 1620 2923; x_wconf 86' lang='lat' dir='ltr'><strong>predecessorem</strong></span> <span class='ocrx_word' id='word_1_246' title='bbox 1666 2867 1722 2906; x_wconf 93' lang='lat' dir='ltr'><strong>et</strong></span> <span class='ocrx_word' id='word_1_247' title='bbox 1767 2856 1878 2906; x_wconf 91' lang='lat' dir='ltr'><strong>eius</strong></span> <span class='ocrx_word' id='word_1_248' title='bbox 1925 2855 2100 2905; x_wconf 87' lang='lat' dir='ltr'><strong>vitam</strong></span> 
     </span>
    </p>
   </div>
   <div class='ocr_carea' id='block_1_9' title="bbox 9 1642 21 1688">
    <p class='ocr_par' dir='ltr' id='par_1_9' title="bbox 9 1642 21 1688">
     <span class='ocr_line' id='line_1_45' title="bbox 9 1642 21 1688; baseline 0 -3"><span class='ocrx_word' id='word_1_249' title='bbox 9 1642 21 1688; x_wconf 63' lang='lat' dir='ltr'><strong>&#39;a</strong></span> 
     </span>
    </p>
   </div>
   <div class='ocr_carea' id='block_1_10' title="bbox 243 2937 2097 3005">
    <p class='ocr_par' dir='ltr' id='par_1_10' title="bbox 162 2918 2097 3010">
     <span class='ocr_line' id='line_1_46' title="bbox 243 2937 2097 3005; baseline -0.002 -14.167"><span class='ocrx_word' id='word_1_250' title='bbox 243 2937 407 2992; x_wconf 77' lang='lat' dir='ltr'><strong>’casse</strong></span> <span class='ocrx_word' id='word_1_251' title='bbox 450 2958 545 2992; x_wconf 90' lang='lat' dir='ltr'><strong>seu</strong></span> <span class='ocrx_word' id='word_1_252' title='bbox 591 2941 844 3005; x_wconf 71' lang='lat' dir='ltr'><strong>fabricari</strong></span> <span class='ocrx_word' id='word_1_253' title='bbox 891 2941 1076 2991; x_wconf 82' lang='lat' dir='ltr'><strong>iecisse</strong></span> <span class='ocrx_word' id='word_1_254' title='bbox 1121 2959 1184 2991; x_wconf 88' lang='lat' dir='ltr'><strong>ac</strong></span> <span class='ocrx_word' id='word_1_255' title='bbox 1245 2940 1572 2991; x_wconf 87' lang='lat' dir='ltr'><strong>commisisse</strong></span> <span class='ocrx_word' id='word_1_256' title='bbox 1636 2938 1898 2990; x_wconf 83' lang='lat' dir='ltr'><strong>maleficia</strong></span> <span class='ocrx_word' id='word_1_257' title='bbox 1959 2938 2097 2987; x_wconf 87' lang='lat' dir='ltr'><strong>circa</strong></span> 
     </span>
    </p>
   </div>
   <div class='ocr_carea' id='block_1_11' title="bbox 74 3020 2099 3837">
    <p class='ocr_par' dir='ltr' id='par_1_11' title="bbox 74 3020 2099 3672">
     <span class='ocr_line' id='line_1_47' title="bbox 158 3020 2099 3083; baseline -0.002 -9"><span class='ocrx_word' id='word_1_258' title='bbox 158 3033 160 3041; x_wconf 93' lang='lat'>&#39;</span> <span class='ocrx_word' id='word_1_259' title='bbox 206 3052 253 3074; x_wconf 89' lang='lat'><strong>.</strong></span> <span class='ocrx_word' id='word_1_260' title='bbox 286 3022 396 3074; x_wconf 85' lang='lat' dir='ltr'><strong>Nos</strong></span> <span class='ocrx_word' id='word_1_261' title='bbox 427 3041 500 3074; x_wconf 86' lang='lat' dir='ltr'><strong>ne.</strong></span> <span class='ocrx_word' id='word_1_262' title='bbox 525 3034 642 3075; x_wconf 88' lang='lat' dir='ltr'><strong>tam</strong></span> <span class='ocrx_word' id='word_1_263' title='bbox 673 3025 975 3082; x_wconf 81' lang='lat' dir='ltr'><strong>execranda</strong></span> <span class='ocrx_word' id='word_1_264' title='bbox 1012 3024 1249 3075; x_wconf 79' lang='lat' dir='ltr'><strong>facinora</strong></span> <span class='ocrx_word' id='word_1_265' title='bbox 1283 3033 1644 3083; x_wconf 86' lang='lat' dir='ltr'><strong>remanerent,</strong></span> <span class='ocrx_word' id='word_1_266' title='bbox 1677 3023 1721 3072; x_wconf 90' lang='lat' dir='ltr'><strong>si</strong></span> <span class='ocrx_word' id='word_1_267' title='bbox 1754 3023 1954 3072; x_wconf 88' lang='lat' dir='ltr'><strong>veritas</strong></span> <span class='ocrx_word' id='word_1_268' title='bbox 1987 3020 2099 3071; x_wconf 77' lang='lat' dir='ltr'><strong>suf·</strong></span> 
     </span>
     <span class='ocr_line' id='line_1_48' title="bbox 252 3105 2099 3171; baseline -0.002 -14"><span class='ocrx_word' id='word_1_269' title='bbox 252 3143 255 3146; x_wconf 91' lang='lat'><em>-</em></span> <span class='ocrx_word' id='word_1_270' title='bbox 312 3115 422 3158; x_wconf 84' lang='lat' dir='ltr'><strong>tur</strong></span> <span class='ocrx_word' id='word_1_271' title='bbox 462 3107 742 3170; x_wconf 90' lang='lat' dir='ltr'><strong>relatibus,</strong></span> <span class='ocrx_word' id='word_1_272' title='bbox 759 3108 1077 3167; x_wconf 86' lang='lat' dir='ltr'><strong>incorrecta,</strong></span> <span class='ocrx_word' id='word_1_273' title='bbox 1122 3117 1178 3157; x_wconf 91' lang='lat' dir='ltr'><strong>et</strong></span> <span class='ocrx_word' id='word_1_274' title='bbox 1222 3118 1284 3157; x_wconf 93' lang='lat' dir='ltr'><strong>ut</strong></span> <span class='ocrx_word' id='word_1_275' title='bbox 1311 3107 1480 3158; x_wconf 91' lang='lat' dir='ltr'><strong>etiam</strong></span> <span class='ocrx_word' id='word_1_276' title='bbox 1523 3106 1913 3171; x_wconf 87' lang='lat' dir='ltr'><strong>indempnitati</strong></span> <span class='ocrx_word' id='word_1_277' title='bbox 1956 3105 2099 3156; x_wconf 80' lang='lat' dir='ltr'><strong>fame</strong></span> 
     </span>
     <span class='ocr_line' id='line_1_49' title="bbox 239 3187 2099 3257; baseline -0.002 -17"><span class='ocrx_word' id='word_1_278' title='bbox 239 3187 493 3240; x_wconf 74' lang='lat' dir='ltr'><strong>&#39;deretur</strong></span> <span class='ocrx_word' id='word_1_279' title='bbox 542 3190 784 3241; x_wconf 90' lang='lat' dir='ltr'><strong>eiusdem</strong></span> <span class='ocrx_word' id='word_1_280' title='bbox 836 3191 1075 3257; x_wconf 88' lang='lat' dir='ltr'><strong>episcopi</strong></span> <span class='ocrx_word' id='word_1_281' title='bbox 1126 3190 1419 3241; x_wconf 88' lang='lat' dir='ltr'><strong>veritatem</strong></span> <span class='ocrx_word' id='word_1_282' title='bbox 1469 3189 1670 3255; x_wconf 89' lang='lat' dir='ltr'><strong>inquiri</strong></span> <span class='ocrx_word' id='word_1_283' title='bbox 1720 3199 1776 3239; x_wconf 90' lang='lat' dir='ltr'><strong>et</strong></span> <span class='ocrx_word' id='word_1_284' title='bbox 1826 3187 2099 3238; x_wconf 89' lang='lat' dir='ltr'><strong>iusticiam</strong></span> 
     </span>
     <span class='ocr_line' id='line_1_50' title="bbox 156 3270 2098 3338; baseline -0.002 -15"><span class='ocrx_word' id='word_1_285' title='bbox 156 3334 159 3338; x_wconf 89' lang='lat'>.</span> <span class='ocrx_word' id='word_1_286' title='bbox 190 3330 192 3334; x_wconf 15' lang='lat' dir='ltr'>y</span> <span class='ocrx_word' id='word_1_287' title='bbox 226 3299 233 3315; x_wconf 81' lang='grc' dir='ltr'>ι</span> <span class='ocrx_word' id='word_1_288' title='bbox 266 3297 273 3312; x_wconf 66' lang='lat'>2</span> <span class='ocrx_word' id='word_1_289' title='bbox 299 3271 363 3323; x_wconf 88' lang='lat' dir='ltr'><strong>ri</strong></span> <span class='ocrx_word' id='word_1_290' title='bbox 390 3273 653 3335; x_wconf 83' lang='lat' dir='ltr'><strong>volentes,</strong></span> <span class='ocrx_word' id='word_1_291' title='bbox 685 3274 804 3333; x_wconf 92' lang='lat' dir='ltr'><strong>tibi,</strong></span> <span class='ocrx_word' id='word_1_292' title='bbox 842 3275 916 3325; x_wconf 88' lang='lat' dir='ltr'><strong>fili</strong></span> <span class='ocrx_word' id='word_1_293' title='bbox 946 3274 1342 3335; x_wconf 88' lang='lat' dir='ltr'><strong>archidiacone,</strong></span> <span class='ocrx_word' id='word_1_294' title='bbox 1373 3292 1435 3323; x_wconf 89' lang='lat' dir='ltr'><strong>ac</strong></span> <span class='ocrx_word' id='word_1_295' title='bbox 1467 3273 1663 3322; x_wconf 78' lang='lat' dir='ltr'><strong>dilecto</strong></span> <span class='ocrx_word' id='word_1_296' title='bbox 1700 3272 1807 3321; x_wconf 82' lang='lat' dir='ltr'><strong>filio</strong></span> <span class='ocrx_word' id='word_1_297' title='bbox 1842 3270 2098 3335; x_wconf 87' lang='lat' dir='ltr'><strong>magistro</strong></span> 
     </span>
     <span class='ocr_line' id='line_1_51' title="bbox 157 3346 2098 3418; baseline -0.002 -12"><span class='ocrx_word' id='word_1_298' title='bbox 157 3346 219 3395; x_wconf 58' lang='lat'><strong>²...</strong></span> <span class='ocrx_word' id='word_1_299' title='bbox 248 3353 359 3406; x_wconf 89' lang='lat' dir='ltr'><strong>ldo</strong></span> <span class='ocrx_word' id='word_1_300' title='bbox 397 3355 464 3406; x_wconf 89' lang='lat' dir='ltr'><strong>de</strong></span> <span class='ocrx_word' id='word_1_301' title='bbox 507 3356 755 3418; x_wconf 87' lang='lat' dir='ltr'><strong>Verdala,</strong></span> <span class='ocrx_word' id='word_1_302' title='bbox 796 3357 1001 3408; x_wconf 89' lang='lat' dir='ltr'><strong>decano</strong></span> <span class='ocrx_word' id='word_1_303' title='bbox 1042 3357 1260 3407; x_wconf 86' lang='lat' dir='ltr'><strong>ecclesie</strong></span> <span class='ocrx_word' id='word_1_304' title='bbox 1304 3356 1481 3406; x_wconf 84' lang='lat' dir='ltr'><strong>sancti</strong></span> <span class='ocrx_word' id='word_1_305' title='bbox 1526 3355 1677 3406; x_wconf 88' lang='lat' dir='ltr'><strong>Pauli</strong></span> <span class='ocrx_word' id='word_1_306' title='bbox 1716 3354 1783 3404; x_wconf 89' lang='lat' dir='ltr'><strong>de</strong></span> <span class='ocrx_word' id='word_1_307' title='bbox 1838 3354 2098 3404; x_wconf 88' lang='lat' dir='ltr'><strong>Fenolha·</strong></span> 
     </span>
     <span class='ocr_line' id='line_1_52' title="bbox 172 3433 2098 3508; baseline -0.001 -20"><span class='ocrx_word' id='word_1_308' title='bbox 172 3491 189 3498; x_wconf 52' lang='grc'><strong>,,</strong></span> <span class='ocrx_word' id='word_1_309' title='bbox 214 3433 288 3496; x_wconf 58' lang='grc'><strong>”,,</strong></span> <span class='ocrx_word' id='word_1_310' title='bbox 322 3436 560 3489; x_wconf 84' lang='lat' dir='ltr'><strong>Electen.</strong></span> <span class='ocrx_word' id='word_1_311' title='bbox 593 3438 838 3501; x_wconf 89' lang='lat' dir='ltr'><strong>diocesis,</strong></span> <span class='ocrx_word' id='word_1_312' title='bbox 872 3441 1151 3508; x_wconf 89' lang='lat' dir='ltr'><strong>capellano</strong></span> <span class='ocrx_word' id='word_1_313' title='bbox 1186 3450 1389 3493; x_wconf 82' lang='lat' dir='ltr'><strong>nostro.</strong></span> <span class='ocrx_word' id='word_1_314' title='bbox 1410 3457 1502 3504; x_wconf 87' lang='lat' dir='ltr'><strong>per</strong></span> <span class='ocrx_word' id='word_1_315' title='bbox 1519 3448 1731 3488; x_wconf 87' lang='lat' dir='ltr'><strong>nostras</strong></span> <span class='ocrx_word' id='word_1_316' title='bbox 1750 3437 1882 3488; x_wconf 90' lang='lat' dir='ltr'><strong>certi</strong></span> <span class='ocrx_word' id='word_1_317' title='bbox 1899 3437 2098 3487; x_wconf 87' lang='lat' dir='ltr'><strong>tenoris</strong></span> 
     </span>
     <span class='ocr_line' id='line_1_53' title="bbox 74 3517 2097 3585; baseline -0.003 -10"><span class='ocrx_word' id='word_1_318' title='bbox 74 3565 79 3575; x_wconf 90' lang='lat'>.</span> <span class='ocrx_word' id='word_1_319' title='bbox 229 3517 374 3571; x_wconf 64' lang='grc' dir='ltr'><strong>αι’</strong></span> <span class='ocrx_word' id='word_1_320' title='bbox 417 3522 747 3573; x_wconf 85' lang='lat' dir='ltr'><strong>commisisse</strong></span> <span class='ocrx_word' id='word_1_321' title='bbox 795 3523 1138 3574; x_wconf 90' lang='lat' dir='ltr'><strong>meminimus</strong></span> <span class='ocrx_word' id='word_1_322' title='bbox 1184 3541 1246 3573; x_wconf 89' lang='lat' dir='ltr'><strong>ac</strong></span> <span class='ocrx_word' id='word_1_323' title='bbox 1295 3522 1597 3580; x_wconf 87' lang='lat' dir='ltr'><strong>mandasse,</strong></span> <span class='ocrx_word' id='word_1_324' title='bbox 1646 3531 1708 3569; x_wconf 90' lang='lat' dir='ltr'><strong>ut</strong></span> <span class='ocrx_word' id='word_1_325' title='bbox 1754 3530 1814 3569; x_wconf 91' lang='lat' dir='ltr'><strong>tu</strong></span> <span class='ocrx_word' id='word_1_326' title='bbox 1872 3530 1927 3569; x_wconf 90' lang='lat' dir='ltr'><strong>et</strong></span> <span class='ocrx_word' id='word_1_327' title='bbox 1986 3520 2097 3585; x_wconf 89' lang='lat' dir='ltr'><strong>ipse</strong></span> 
     </span>
     <span class='ocr_line' id='line_1_54' title="bbox 209 3603 2098 3672; baseline -0.001 -20"><span class='ocrx_word' id='word_1_328' title='bbox 209 3632 216 3638; x_wconf 89' lang='lat'><em>-</em></span> <span class='ocrx_word' id='word_1_329' title='bbox 274 3618 360 3653; x_wconf 80' lang='lat' dir='ltr'><strong>us</strong></span> <span class='ocrx_word' id='word_1_330' title='bbox 395 3603 482 3654; x_wconf 83' lang='lat' dir='ltr'><strong>vel</strong></span> <span class='ocrx_word' id='word_1_331' title='bbox 517 3605 655 3655; x_wconf 92' lang='lat' dir='ltr'><strong>alter</strong></span> <span class='ocrx_word' id='word_1_332' title='bbox 692 3616 937 3656; x_wconf 87' lang='lat' dir='ltr'><strong>vestrum</strong></span> <span class='ocrx_word' id='word_1_333' title='bbox 975 3623 1136 3672; x_wconf 85' lang='lat' dir='ltr'><strong>super</strong></span> <span class='ocrx_word' id='word_1_334' title='bbox 1175 3605 1443 3671; x_wconf 88' lang='lat' dir='ltr'><strong>premissis</strong></span> <span class='ocrx_word' id='word_1_335' title='bbox 1482 3614 1537 3652; x_wconf 89' lang='lat' dir='ltr'><strong>et</strong></span> <span class='ocrx_word' id='word_1_336' title='bbox 1587 3621 1648 3653; x_wconf 90' lang='lat' dir='ltr'><strong>ea</strong></span> <span class='ocrx_word' id='word_1_337' title='bbox 1689 3603 2098 3668; x_wconf 89' lang='lat' dir='ltr'><strong>quomodolibet</strong></span> 
     </span>
    </p>

    <p class='ocr_par' dir='ltr' id='par_1_12' title="bbox 162 3683 2096 3758">
     <span class='ocr_line' id='line_1_55' title="bbox 225 3683 2096 3756; baseline 0 -22"><span class='ocrx_word' id='word_1_338' title='bbox 225 3709 241 3734; x_wconf 73' lang='grc'><strong>,·</strong></span> <span class='ocrx_word' id='word_1_339' title='bbox 271 3683 492 3747; x_wconf 72' lang='lat' dir='ltr'><strong>atibus,</strong></span> <span class='ocrx_word' id='word_1_340' title='bbox 531 3696 647 3738; x_wconf 89' lang='lat' dir='ltr'><strong>tam</strong></span> <span class='ocrx_word' id='word_1_341' title='bbox 688 3706 811 3738; x_wconf 92' lang='lat' dir='ltr'><strong>cum</strong></span> <span class='ocrx_word' id='word_1_342' title='bbox 853 3689 1107 3756; x_wconf 90' lang='lat' dir='ltr'><strong>predictis</strong></span> <span class='ocrx_word' id='word_1_343' title='bbox 1151 3687 1433 3737; x_wconf 89' lang='lat' dir='ltr'><strong>Francisco</strong></span> <span class='ocrx_word' id='word_1_344' title='bbox 1474 3697 1529 3736; x_wconf 91' lang='lat' dir='ltr'><strong>et</strong></span> <span class='ocrx_word' id='word_1_345' title='bbox 1572 3685 1827 3735; x_wconf 89' lang='lat' dir='ltr'><strong>Michaele</strong></span> <span class='ocrx_word' id='word_1_346' title='bbox 1867 3703 1928 3735; x_wconf 91' lang='lat' dir='ltr'><strong>ac</strong></span> <span class='ocrx_word' id='word_1_347' title='bbox 1982 3685 2096 3750; x_wconf 89' lang='lat' dir='ltr'><strong>qui·</strong></span> 
     </span>
    </p>

    <p class='ocr_par' dir='ltr' id='par_1_13' title="bbox 147 3767 2095 3837">
     <span class='ocr_line' id='line_1_56' title="bbox 147 3767 2095 3837; baseline 0 -20"><span class='ocrx_word' id='word_1_348' title='bbox 147 3823 155 3834; x_wconf 26' lang='lat'><em>5</em></span> <span class='ocrx_word' id='word_1_349' title='bbox 185 3793 186 3797; x_wconf 59' lang='lat'><em>=</em></span> <span class='ocrx_word' id='word_1_350' title='bbox 242 3782 356 3817; x_wconf 81' lang='lat' dir='ltr'><strong>am</strong></span> <span class='ocrx_word' id='word_1_351' title='bbox 383 3767 500 3819; x_wconf 87' lang='lat' dir='ltr'><strong>aliis</strong></span> <span class='ocrx_word' id='word_1_352' title='bbox 529 3769 730 3821; x_wconf 78' lang='lat' dir='ltr'><strong>clericis</strong></span> <span class='ocrx_word' id='word_1_353' title='bbox 759 3781 815 3820; x_wconf 92' lang='lat' dir='ltr'><strong>et</strong></span> <span class='ocrx_word' id='word_1_354' title='bbox 842 3770 1009 3831; x_wconf 90' lang='lat' dir='ltr'><strong>laicis,</strong></span> <span class='ocrx_word' id='word_1_355' title='bbox 1040 3771 1133 3837; x_wconf 89' lang='lat' dir='ltr'><strong>qui</strong></span> <span class='ocrx_word' id='word_1_356' title='bbox 1175 3780 1459 3837; x_wconf 87' lang='lat' dir='ltr'><strong>propterea</strong></span> <span class='ocrx_word' id='word_1_357' title='bbox 1503 3767 1733 3818; x_wconf 87' lang='lat' dir='ltr'><strong>detineri</strong></span> <span class='ocrx_word' id='word_1_358' title='bbox 1773 3767 2095 3820; x_wconf 86' lang='lat' dir='ltr'><strong>dicebantur</strong></span> 
     </span>
    </p>
   </div>
  </div>
 </body>
</html>
