2540 4354
464 378 567 431 410
854 397 1141 430 BULLAIRE
1183 396 1258 427 nn
1303 377 1716 437 L’lNQUlslTION
1754 398 2072 442 FRANQAISE

467 513 682 564 Christo
730 513 838 564 filio
883 523 1070 563 nostro
1119 513 1329 574 Carolo,
1376 513 1487 577 regi
1535 513 1758 564 Francie
1804 513 2018 577 illustri,
2066 516 2163 566 hec
2208 535 2274 566 ex
2318 528 2486 583 parte·

467 609 651 650 nostra
682 615 979 664 exponeres
1014 596 1141 647 viva
1172 615 1324 659 voce,
1355 608 1418 647 ut
1448 616 1610 663 super
1638 598 1711 648 eis
1743 599 1925 649 debite
1957 600 2286 665 provideret.
2321 602 2475 652 Nunc

466 692 653 733 autem
707 682 884 732 eidem
937 680 1049 745 regi
1103 681 1389 731 scribimus
1445 683 1748 732 secundum
1817 693 2066 733 tenorem
2135 686 2475 751 presentibus

465 767 841 827 interclusum,
881 776 936 815 et
974 766 1190 816 litteras
1230 776 1446 815 nostras
1487 766 1621 816 dicti
1660 767 1863 817 tenoris
1904 787 2027 818 cum
2067 769 2166 819 hiis
2208 764 2476 820 mittimus

465 850 736 918 alligatas.
780 851 936 900 Unde
973 850 1120 916 ipsas
1158 850 1373 902 litteras
1411 851 1588 901 eidem
1626 851 1737 916 regi
1774 864 2072 917 presentes,
2112 872 2174 903 ac
2225 853 2487 904 sollicites

468 934 613 1000 quod
646 953 742 1000 pro
774 945 890 984 tam
922 934 1010 1000 pio
1041 946 1096 984 et
1128 935 1346 1000 urgenti
1379 935 1506 985 fidei
1537 937 1842 986 orthodoxe
1873 937 2094 1002 negotio
2128 938 2319 988 mittat
2349 939 2479 988 cele-

466 1020 597 1069 riter
643 1019 866 1069 nuntios
915 1020 1154 1069 zelantes
1218 1030 1272 1069 ct
1320 1019 1534 1069 litteras
1584 1031 1886 1086 oportunas
1938 1041 1949 1071 ε
1998 1022 2242 1088 alioquin
2292 1033 2477 1074 contra

468 1104 641 1154 dictos
680 1105 1105 1168 gubernatorem
1140 1115 1195 1154 et
1229 1105 1438 1154 nobiles
1476 1106 1765 1171 procedere
1803 1124 2134 1170 cogeremur.
2172 1135 2240 1142 ——
2276 1100 2479 1157 Datum

464 1187 737 1250 Avinioni,
774 1198 836 1237 ut
870 1206 1051 1254 supra.

524 1344 563 1383 1.
597 1344 807 1396 Aymeric
841 1346 897 1385 de
932 1345 1152 1397 Maignac,
1188 1347 1358 1399 cveque
1393 1347 1447 1387 de
1485 1346 1622 1398 Paris,
1659 1361 1712 1387 en
1748 1348 1880 1395 136&
1918 1362 2077 1401 promu
2112 1362 2170 1388 au
2233 1347 2482 1390 cardinalat

466 1429 547 1468 par
570 1414 776 1456 Clement
798 1415 887 1456 VII
915 1414 1037 1468 (titre
1059 1417 1115 1457 de
1137 1416 1479 1470 Saint-Eusebc)
1508 1417 1546 1457 le
1570 1418 1622 1458 23
1647 1418 1896 1469 decembre,
1920 1419 2052 1465 13833
2077 1425 2197 1458 mort
2218 1419 2257 1458 le
2281 1418 2328 1458 21
2364 1432 2479 1460 mars

463 1486 590 1526 1385.
617 1485 797 1537 Baluze,
822 1500 892 1539 op.
920 1486 1007 1538 cit„
1033 1487 1114 1527 col.
1142 1487 1275 1535 1313;
1309 1487 1419 1528 Gall.
1447 1487 1608 1539 christ„
1635 1495 1667 1528 t.
1696 1502 1778 1540 vn,
1805 1488 1886 1529 col.
1914 1489 2124 1537 138-1403
2154 1483 2311 1540 Eubel,
2336 1488 2475 1540 Hier„

463 1570 506 1609 p.
536 1556 604 1606 26,
626 1556 731 1605 4103
763 1555 948 1610 Denisse,
977 1556 1140 1610 Chart.,
1167 1564 1200 1599 t.
1230 1571 1280 1610 11,
1309 1572 1351 1612 p.
1381 1558 1479 1611 185,
1509 1566 1628 1599 note.

1087 1711 1119 1738 ψ

1307 1993 1395 2028 -’
1425 1985 1539 2044 289
1580 2021 1654 2026 -

546 2149 617 2198 Le
645 2166 785 2214 pape
812 2148 1031 2214 proserit
1058 2167 1130 2198 au
1157 2160 1315 2199 comte
1342 2149 1402 2199 de
1430 2149 1620 2200 Savoie
1642 2148 1661 2179 1
1690 2149 1750 2199 de
1778 2149 1951 2199 veiller
1978 2152 2010 2198 ὰ
2039 2150 2091 2199 la
2117 2147 2371 2198 cessation
2388 2147 2471 2197 des

469 2233 741 2298 difficultas
791 2234 1049 2284 soulevcies
1099 2252 1198 2298 par
1246 2233 1471 2283 certains
1520 2233 1792 2299 seigneurs
1827 2233 1982 2283 deses
2013 2233 2283 2284 domaines
2314 2243 2478 2283 contre

465 2317 642 2383 l’offi'ce
668 2317 1043 2384 inquisitorial.
1075 2347 1144 2354 —
1173 2319 1345 2369 Meme
1375 2319 1520 2370 date.

815 2455 921 2507 Reg.
950 2454 1065 2506 Vae„
1090 2462 1122 2495 t.
1149 2468 1333 2506 ccrxxl,
1359 2455 1434 2495 fol.
1460 2456 1513 2495 30
1539 2459 1608 2502 v⁰;
1633 2454 1873 2508 Wadding,
1897 2455 1972 2495 loc.
1997 2453 2084 2506 cit„
2108 2469 2151 2496 11.
2175 2468 2257 2495 xw
2277 2452 2342 2507 (ἰη
2361 2451 2473 2505 ωτι).

546 2575 756 2625 Dilecto
803 2575 910 2625 filio
953 2574 1122 2625 nobili
1163 2573 1278 2624 viro
1322 2573 1581 2636 Amede0‚
1626 2574 1814 2624 comiti
1856 2573 2145 2626 Sabaudie.
2203 2602 2270 2609 —
2325 2573 2472 2623 Zelus

473 2660 738 2711 catholice
768 2660 895 2710 fidei
921 2678 984 2710 ac
1011 2659 1094 2709 tui
1121 2659 1341 2709 honoris
1369 2670 1424 2708 et
1452 2659 1632 2709 meriti
1658 2678 1755 2709 nos
1782 2658 2012 2720 inducit,
2056 2669 2118 2709 ut
2158 2676 2254 2724 pro
2296 2657 2476 2708 defen-

472 2745 620 2795 sione
656 2745 800 2796 dicte
851 2745 996 2806 fidei,
1046 2741 1331 2810 presertim
1379 2743 1435 2793 in
1470 2743 1578 2794 tuis
1628 2743 1878 2809 partibus
1928 2742 2276 2793 nobilitatem
2323 2751 2474 2791 tuam

476 2829 803 2880 fiducialiter
855 2829 928 2895 (a)
980 2828 1339 2895 requiramus,
1394 2828 1533 2879 Sane
1597 2846 1665 2877 cx
1716 2826 1901 2878 dilecti
1955 2827 2049 2876 filii
2083 2866 2113 2877 ..
2147 2822 2478 2892 inquisitoris

474 2913 709 2964 heretice
749 2914 1043 2980 pravitatis
1084 2913 1329 2979 partium
1369 2913 1452 2962 tui
1493 2912 1790 2963 comitatus
1832 2912 2104 2962 Sabaudie
2157 2922 2212 2961 et
2250 2909 2474 2961 aliarum

473 3007 696 3048 tuarum
735 3008 1006 3048 terrarum
1044 2997 1388 3063 expositione
1427 2996 1735 3059 didicimus,
1778 2997 1925 3062 quod
1964 2996 2019 3046 in
2058 2996 2217 3046 dictis
2256 3005 2311 3045 et
2361 2992 2473 3044 aliis

475 3082 549 3132 eis
590 3082 780 3133 vicinis
822 3083 1072 3149 partibus
1113 3082 1477 3132 hereticorum
1519 3081 1819 3133 multitudo
1862 3080 2081 3146 copiosa
2122 3078 2385 3139 consistit,
2422 3085 2478 3126 et

477 3168 623 3232 quod
664 3167 912 3218 nonnulli
953 3166 1178 3217 heretici
1218 3166 1448 3217 aliarum
1490 3166 1732 3232 partium
1774 3166 1843 3216 ad
1884 3165 2104 3216 easdem
2146 3174 2269 3214 tuas
2311 3172 2473 3211 terras

477 3251 821 3316 confugiunt,
851 3261 907 3300 et
935 3268 1002 3301 ex
1029 3269 1090 3300 eo
1120 3260 1242 3300 tute
1271 3261 1557 3300 morantur
1584 3250 1639 3300 in
1667 3249 1815 3315 ipsis,
1846 3250 1992 3315 quod
2023 3248 2248 3314 quidam
2275 3243 2474 3296 nobiles

477 3336 719 3400 partium
767 3336 1084 3386 earumdem
1133 3353 1240 3396 eos,
1291 3334 1599 3400 postposito
1652 3333 1751 3383 Dei
1797 3333 2009 3394 timore,
2059 3333 2324 3391 foventes,
2371 3343 2472 3378 non

477 3420 809 3484 permittunt
838 3420 1094 3470 eumdem
1125 3418 1506 3484 inquisitorem
1541 3419 1828 3483 procedere
1861 3428 2050 3467 contra
2083 3417 2227 3477 illos3
2260 3422 2473 3480 propter
2536 3455 2540 3487 3

479 3504 623 3568 quod
662 3503 1100 3569 multiplicantur
1135 3503 1464 3553 execrabiles
1503 3504 1730 3563 hereses,
1767 3512 1822 3551 et
1859 3500 2221 3551 hereticorum
2257 3497 2469 3548 inficen-
2534 3523 2538 3570 ξ

477 3587 616 3637 tium
648 3588 798 3638 illam
830 3598 886 3637 et
916 3588 1123 3638 vicinas
1157 3588 1363 3654 patrias
1398 3588 1471 3653 (b)
1505 3606 1782 3648 numerus,
1817 3587 1953 3653 proh
1986 3584 2172 3635 dolor!
2220 3581 2468 3633 continue
2532 3634 2535 3654 ξ

536 3717 590 3773 (α)
625 3721 851 3774 Wadding
879 3736 889 3761 2
919 3720 1093 3762 omittit
1121 3721 1390 3774 fiducialiter.

537 3788 592 3842 (b)
627 3790 853 3843 Wadding
878 3805 887 3831 ε
913 3796 1069 3844 partes.
