2540 4354
393 343 494 399 158
779 362 1066 398 BULLAIRE
1110 364 1183 394 DE
1210 343 1624 403 L’INQUISITION
1668 358 1986 403 FRANQMSE

394 483 447 533 id
468 492 719 532 nostrum
738 491 792 530 et
811 472 1045 530 fratrum
1064 488 1377 528 nostrorum
1396 476 1606 527 animos
1623 475 2024 526 rationabiliter
2042 473 2396 538 induxerunt,

397 567 552 617 vobis
590 577 645 616 et
681 576 927 615 vestrum
978 561 1202 612 cuilibet
1240 563 1304 611 de
1360 560 1581 611 consilio
1633 560 1869 610 fratrum
1918 559 2162 625 ipsorum
2214 569 2399 609 aucto-

397 651 561 700 ritate
639 648 974 715 presentium
1037 646 1364 707 inhibemus,
1443 662 1508 693 ne
1587 644 1655 694 ad
1721 643 2241 709 condempnandum
2318 643 2403 693 vel

399 734 797 784 absolvendum
839 732 1077 796 aliquem
1120 740 1402 779 mortuum
1445 729 1508 777 de
1553 728 1726 777 heresi
1767 729 1831 777 de
1876 746 1982 793 qua
2026 746 2149 776 cum
2191 727 2404 776 viveret

402 818 676 868 confessus
704 835 812 866 non
839 815 1003 865 fuerit
1031 832 1126 880 per
1151 832 1248 864 vos
1276 813 1362 863 vel
1389 812 1520 863 alios
1570 812 1919 877 aliquatenus
1947 811 2273 877 procedatis,
2301 811 2402 861 nisi

402 902 556 952 nobis
593 902 740 967 prius
776 900 1037 950 consultis
1072 916 1234 965 super
1268 899 1388 960 hoc,
1424 908 1479 947 et
1515 897 1767 947 omnibus
1803 896 2144 962 processibus
2180 895 2406 960 origina-

401 988 541 1037 libus
576 985 736 1036 factis
772 985 910 1035 circa
947 983 1235 1034 defunctos
1271 982 1601 1043 huiusmodi,
1641 981 1684 1031 si
1717 981 1828 1032 iam
1851 980 2109 1046 completi
2133 980 2258 1040 sint,
2281 980 2408 1030 alio-

404 1071 534 1136 quin
567 1087 691 1119 cum
726 1068 985 1135 completi
1016 1067 1237 1128 fuerint,
1274 1085 1368 1132 per
1399 1065 1630 1116 nuncios
1667 1065 1850 1115 fideles
1883 1064 2222 1130 integraliter
2254 1063 2406 1114 nobis

399 1155 571 1204 missis
610 1154 653 1215 ³3
695 1154 840 1219 quod
879 1152 923 1203 si
960 1171 1112 1202 secus
1150 1150 1385 1201 feceritis
1424 1169 1520 1200 nos
1583 1150 1637 1200 id
1697 1149 2036 1199 decrevimus
2088 1148 2305 1198 irritum
2355 1157 2412 1197 et

403 1246 580 1296 inane.
619 1274 686 1280 —-
722 1246 929 1295 Datum
966 1240 1242 1305 Avinioni,
1279 1260 1354 1292 xv
1392 1242 1652 1292 kalendas
1699 1240 1951 1304 ianuarii,
2002 1259 2144 1291 anno
2195 1239 2418 1306 quinto·

403 1330 630 1380 decimo.

471 1485 882 1536 Venerabilibus
940 1484 1201 1535 fratribus
1225 1522 1259 1533 ..
1304 1481 1325 1512 4
1398 1482 1804 1548 archiepiscopo
1878 1482 2186 1531 Tholosano
2276 1480 2415 1531 eius·

403 1589 506 1636 que
539 1569 894 1634 suffraganeis
927 1580 982 1618 et
1015 1568 1212 1618 dilecto
1249 1568 1358 1617 filio
1388 1607 1420 1618 ..
1466 1566 1487 1596 ⁵
1519 1566 1834 1633 inquisitori
1854 1566 2088 1616 heretice
2123 1564 2413 1630 pravitatis

410 1658 465 1706 in
501 1674 664 1721 regno
706 1655 929 1705 Francie
968 1673 1062 1720 per
1101 1654 1295 1704 Sedem
1334 1653 1697 1719 apostolicam
1717 1653 1985 1718 deputato
2018 1650 2250 1700 Tholose
2283 1649 2404 1699 resi-

407 1741 575 1801 denti,
609 1742 861 1790 salutem.
894 1768 963 1774 —
993 1739 1112 1788 Etsi
1142 1738 1379 1788 officium
1403 1737 1798 1803 Inquisitionis,
1819 1747 1942 1797 ete„
1963 1753 2122 1800 usque
2144 1734 2201 1784 in
2237 1732 2410 1797 finem.

409 1852 482 1861 —·
507 1826 714 1875 Datum
744 1835 798 1874 ut
822 1841 1005 1889 supra.

462 1979 501 2020 1.
535 1979 733 2019 Bernard
759 1978 814 2018 de
841 1975 1023 2030 Farges;
1051 1976 1148 2016 voir
1173 1991 1214 2017 n.
1243 1976 1313 2028 14,
1340 1983 1445 2016 note
1470 1976 1510 2016 1.

463 2050 502 2090 2.
539 2050 694 2102 Henry
720 2050 775 2090 de
801 2048 1026 2101 Chamay3
1054 2048 1151 2088 voir
1176 2062 1218 2088 n.
1247 2047 1316 2099 84,
1342 2054 1447 2087 note
1473 2047 1512 2087 1.

467 2127 507 2166 3.
543 2125 670 2166 Cette
697 2125 816 2165 bulle
843 2139 869 2166 a
896 2139 977 2165 son
1005 2124 1171 2177 origine
1199 2124 1310 2164 dans
1337 2124 1399 2163 les
1427 2124 1680 2176 poursuites
1707 2121 1910 2176 reprises,
1937 2135 1993 2163 en
2018 2122 2145 2175 1330,
2173 2136 2254 2175 par
2282 2122 2423 2178 Henri

405 2198 460 2238 de
487 2197 702 2249 Chamay,
728 2196 996 2249 inquisiteur
1021 2196 1074 2236 de
1101 2195 1416 2247 Carcassonne,
1442 2201 1596 2244 contre
1621 2193 1821 2234 dix-huit
1845 2193 2097 2246 heretiques
2122 2194 2200 2234 des
2225 2193 2417 2234 dioceses

409 2268 464 2308 de
505 2268 747 2308 Narbonne
783 2274 830 2307 et
864 2267 919 2307 de
956 2266 1272 2318 Carcassonne,
1309 2266 1495 2306 decedes
1532 2264 1688 2318 depuis
1723 2265 1990 2318 longtemps.
2029 2265 2111 2304 Les
2149 2263 2419 2318 depositions

407 2339 711 2380 remontaient
737 2339 762 2378 a
789 2345 1011 2392 quarante
1038 2346 1083 2378 et
1110 2337 1421 2390 quarante-six
1448 2351 1527 2377 ans
1559 2335 1859 2389 (1284-1290);
1887 2336 1949 2376 les
1970 2336 2116 2388 delits,
2137 2338 2162 2376 a
2183 2343 2420 2389 quarante-

407 2418 509 2462 sept
537 2418 582 2450 et
607 2410 752 2449 meme
779 2409 804 2448 a
831 2408 1178 2449 soixante-deux
1206 2422 1301 2448 ans.
1331 2408 1394 2447 La
1422 2408 1666 2460 procedure
1694 2406 1819 2448 avait
1845 2408 1915 2447 ete
1943 2408 2223 2447 commencee
2250 2421 2330 2459 par
2354 2406 2414 2446 les

402 2480 695 2532 inquisiteurs
725 2479 840 2519 Jean
871 2479 1045 2521 Galand
1076 2486 1121 2519 et
1152 2478 1404 2519 Guillaume
1434 2478 1489 2518 de
1519 2477 1801 2519 Saint-Seine
1833 2484 1879 2518 et
1907 2491 1989 2530 par
2017 2477 2219 2530 l‘eveque
2249 2476 2410 2530 d’Albi‚

410 2550 607 2590 Bernard
646 2550 700 2609 de
733 2549 966 2598 Castanet;
1002 2562 1165 2602 repnse
1199 2563 1253 2588 en
1285 2549 1412 2601 1309,
1445 2562 1526 2601 par
1558 2547 1752 2588 Geosfroi
1783 2547 1972 2600 d'Ablis,
2005 2556 2064 2599 et,
2098 2561 2151 2587 en
2183 2547 2308 2598 1320,
2341 2560 2419 2599 par

410 2620 438 2659 J
443 2634 526 2660 ean
552 2621 606 2661 de
627 2620 823 2670 Beaune‚
865 2627 910 2660 et
931 2619 1092 2672 jamais
1115 2619 1327 2660 conduite
1349 2620 1375 2658 a
1397 2627 1552 2659 terme.
1579 2617 1718 2658 Henri
1740 2618 1795 2658 (16
1817 2617 2018 2671 Chamay
2041 2618 2200 2658 voulut
2222 2631 2276 2657 en
2316 2616 2413 2656 finir

414 2699 460 2731 et
483 2691 536 2731 fit
555 2690 721 2731 inviter
740 2690 802 2730 les
822 2689 1025 2730 heritiers
1047 2691 1123 2730 des
1145 2689 1328 2730 defunts
1349 2691 1374 2730 ὲ
1395 2691 1626 2743 presenter
1644 2689 1740 2729 leur
1760 2688 1938 2730 defense
1959 2689 1985 2729 a
2005 2688 2147 2742 partit·
2168 2689 2229 2729 du
2248 2688 2300 2729 17
2322 2700 2416 2740 sep-

407 2761 579 2802 tembre
606 2761 731 2801 1330.
762 2760 983 2813 Quelques
1011 2761 1133 2813 jours
1161 2763 1288 2814 apres
1315 2760 1358 2800 la
1387 2759 1703 2802 Saint-Martin
1726 2758 1792 2812 (11
1816 2758 2093 2812 novembre),
2113 2757 2411 2799 l’instruetion

407 2831 520 2872 etait
542 2830 768 2873 terminee.
794 2830 878 2871 Sur
898 2830 962 2870 les
985 2830 1185 2872 dix-huit
1206 2830 1447 2884 coupables
1467 2829 1500 2870 il
1521 2829 1730 2871 semblait
1751 2830 1921 2883 prouve
1944 2843 2030 2882 que
2053 2828 2213 2883 quinze
2243 2826 2421 2869 avaient

407 2901 565 2943 assiste
598 2903 624 2942 a
654 2900 962 2942 l'hdreftication
995 2915 1053 2942 ou
1084 2900 1313 2942 initiation
1345 2901 1544 2942 d'autres
1577 2907 1787 2954 croyants
1822 2908 1867 2941 et
1899 2900 2024 2941 adore‘
2054 2899 2116 2940 les
2149 2898 2417 2952 heretiques,

415 2980 461 3013 et
481 2985 568 3026 que
587 2971 696 3013 trois
716 2971 901 3013 avaient
920 2973 1194 3013 eux-memes
1215 2972 1286 3014 ete
1305 2970 1537 3025 ἢὲνέίἰᾳιιέε
1558 2984 1634 3011 sur
1651 2971 1747 3011 leur
1764 2970 1817 3011 lit
1836 2971 1891 3012 de
1911 2978 2042 3011 mort.
2065 2970 2150 3011 Sur
2169 2983 2217 3010 ce
2237 2968 2419 3010 nombre

409 3057 466 3083 on
486 3042 709 3096 comptait
725 3042 829 3096 cinq
845 3043 1032 3096 pretres,
1049 3042 1158 3083 trois
1173 3041 1360 3083 femmes
1378 3050 1423 3083 et
1438 3056 1501 3082 un
1516 3041 1681 3083 officier
1696 3042 1822 3094 royal
1838 3042 1900 3082 du
1932 3042 2125 3082 chateau
2142 3041 2196 3081 de
2213 3040 2417 3081 Cabaret.

411 3113 520 3154 Voir
544 3113 660 3154 leurs
688 3126 815 3153 noms
842 3114 954 3153 dans
981 3113 1150 3166 Mahul,
1178 3112 1360 3165 Cartul„
1388 3120 1421 3154 t.
1450 3126 1494 3165 V,
1520 3126 1563 3166 p.
1587 3113 1686 3164 688,
1713 3120 1759 3153 et
1786 3112 1970 3164 Douais,
1996 3112 2196 3163 Ducum„
2222 3125 2265 3164 p.
2295 3122 2420 3150 cmx-

414 3198 516 3225 ccx.
558 3184 695 3224 Leurs
732 3182 954 3238 heritierS,
991 3191 1246 3237 apprenant
1281 3183 1343 3224 les
1379 3182 1627 3223 intentions
1665 3183 1720 3223 de
1756 3182 2073 3236 l’inquisiteur,
2093 3195 2138 3222 se
2156 3180 2423 3235 plaignirent

409 3258 684 3295 amerement
712 3267 770 3294 au
799 3267 917 3307 pape
947 3261 992 3296 et
1019 3253 1082 3295 lui
1111 3255 1443 3295 remontrerent
1470 3253 1510 3293 16
1540 3253 1776 3306 dommage
1806 3252 1882 3306 qui
1911 3251 2167 3293 resulterait
2196 3264 2308 3304 pour
2336 3261 2419 3289 eux

411 3326 466 3366 de
510 3338 580 3365 ces
640 3323 894 3378 poursuites
937 3324 1144 3378 injustes,
1189 3324 1473 3376 disaient—ils‚
1535 3331 1581 3364 et
1623 3323 1845 3366 abusives.
1908 3323 2023 3364 Jean
2083 3322 2225 3363 XXII
2286 3318 2426 3361 desira

409 3395 662 3436 s’informer
688 3402 750 3447 et,
780 3409 861 3448 par
887 3396 929 3436 la
958 3396 1078 3436 bulle
1108 3395 1285 3449 publiee
1311 3394 1382 3447 ici,
1410 3394 1439 3434 il
1467 3386 1671 3434 ordonna
1698 3395 1753 3435 de
1779 3393 1969 3435 surseoir
1995 3394 2020 3433 a
2047 3400 2174 3434 toute
2200 3389 2426 3445 poursuite

409 3471 563 3506 contre
581 3464 643 3505 les
662 3464 844 3505 defunts
864 3479 954 3506 non
972 3465 1242 3506 eonvaincus
1262 3463 1475 3505 d’here'sie
1495 3464 1549 3504 (16
1567 3463 1662 3504 leur
1681 3463 1842 3505 vivant
1860 3471 1906 3505 et
1924 3464 1978 3504 de
1998 3463 2100 3503 n'en
2119 3459 2428 3514 entreprendre

410 3536 436 3575 a
460 3534 649 3575 l'avenir
672 3548 758 3587 que
781 3548 856 3575 sur
877 3535 1008 3575 l'avis
1031 3535 1262 3576 favorable
1286 3535 1347 3575 du
1370 3533 1659 3586 Saint-Siege.
1687 3534 1756 3574 En
1775 3541 1917 3586 outre,
1941 3533 1971 3574 il
1995 3532 2188 3585 exigeait
2210 3532 2253 3571 la
2275 3528 2428 3570 remise

411 3604 627 3656 integrale
653 3604 729 3645 des
754 3604 886 3646 livres
912 3613 1161 3647 contenant
1184 3605 1246 3646 les
1272 3604 1550 3659 depositions
1575 3611 1621 3645 et
1645 3604 1687 3644 la
1712 3603 1828 3645 suite
1853 3605 1908 3645 de
1932 3602 2235 3644 l'instruction
2263 3600 2331 3652 (18
2355 3598 2427 3639 de-

411 3674 618 3727 cembre).

472 3745 612 3785 Henri
653 3745 709 3785 (16
748 3745 949 3800 Chamay
985 3756 1177 3802 apporta
1214 3748 1443 3789 lui-meme
1485 3759 1555 3786 ces
1593 3746 1858 3787 documents
1912 3747 1937 3786 a
1975 3744 2200 3797 Avignon,
2258 3741 2418 3782 C'etait
