2540 4354
919 371 1206 437 οιιέῦοιιιε
1251 408 1305 440 xi
2000 390 2096 445 421

94 509 372 586 'afflue
414 529 479 563 ac
520 510 664 578 exigi
707 512 1053 567 decrevimus·
1088 527 1144 567 et
1204 519 1388 572 levari.
1450 522 1709 586 Quocirca
1770 523 2102 575 fraternitati

6 619 9 621 ·
91 602 307 650 vostre
355 612 451 663 per
497 594 796 663 apostolica
847 597 1047 664 scripta
1101 602 1440 666 mandamus,
1492 605 1748 671 quatinus
1799 606 1937 658 infra
1989 617 2096 657 tres
2123 600 2131 655 s

95 696 356 743 menses,
399 699 430 732 a
477 679 879 746 presentatione
924 684 1254 747 presentium
1299 686 1453 738 vobis
1498 688 1641 740 facta
1687 690 2100 755 computandoS,

95 764 324 849 ιι’ςιιΙί
353 763 610 816 videlicet
640 772 883 815 vestrum
915 783 1009 831 per
1039 785 1152 828 vos,
1186 768 1270 817 vel
1299 769 1430 820 alios
1461 770 1516 821 in
1546 772 1736 822 vestris
1768 772 2100 835 civitatibus,

94 852 116 886 ’ἕ
143 849 433 905 ·ioeesibus
467 857 525 898 et
556 846 867 914 provinciis,
904 866 1088 900 omnes
1123 861 1178 900 et
1212 851 1446 917 singulas
1483 855 1734 919 pecunias
1784 856 1922 906 male
1955 857 2101 907 abla-

115 970 136 986 .,,
171 952 314 989 rum
348 943 406 984 et
441 932 746 998 legatorum
782 930 1113 983 incertorum
1165 935 1546 1000 predictorum,
1600 957 1766 1003 usque
1816 939 1884 989 ad
1923 939 2096 1005 predi-

115 1019 153 1065 ;
184 1052 186 1055 ι
230 1033 569 1069 msummam
609 1024 845 1081 quatuor
875 1015 1102 1067 millium
1119 1027 1175 1067 et
1192 1018 1625 1083 octingentorum
1647 1022 1966 1072 florenorum
1985 1022 2101 1073 auri

264 1100 439 1170 primo
471 1115 635 1161 anno,
667 1108 725 1149 et
755 1108 959 1149 extunc
991 1099 1212 1166 singulis
1246 1102 1400 1153 annis
1446 1114 1682 1168 quatuor
1713 1122 1979 1155 annorum
2011 1123 2101 1155 ex·

104 1183 126 1209 ³
160 1203 268 1240 nne
308 1182 554 1252 proxime
594 1181 906 1233 futurorum
950 1183 1219 1249 prefatam
1262 1204 1530 1237 summam
1563 1187 1994 1252 octingentorum
2014 1189 2104 1237 flo-

108 1289 131 1316 ·:.
159 1283 385 1331 ,norum
429 1275 613 1333 petere
654 1273 713 1316 et
755 1265 994 1331 exiget-03
1040 1266 1292 1333 ipsasque
1351 1269 1602 1334 pecunias
1659 1280 1877 1332 extunc,
1938 1289 2103 1336 quam

150 1391 153 1396 ι
210 1366 243 1406 ο
275 1349 557 1404 commode
590 1348 858 1416 poteritis,
894 1350 1189 1402 venerabili
1222 1351 1376 1402 fratri
1409 1363 1593 1403 nostro
1614 1392 1644 1402 ..
1682 1354 1931 1418 episcopo
1981 1352 2104 1403 Avi-

170 1434 348 1488 ‘onem
386 1444 444 1485 et
479 1433 678 1485 dilecto
721 1432 828 1484 filio
871 1433 1153 1484 Francisco
1191 1434 1391 1496 Borilli,
1432 1436 1631 1486 ordinis
1671 1437 1899 1496 fratrum
1939 1436 2105 1487 mino-

117 1547 182 1595 :s
300 1516 608 1586 professori,
657 1516 711 1567 in
759 1534 911 1568 sacra
961 1517 1232 1583 theologia
1283 1518 1557 1584 magistro,
1607 1520 1659 1569 in
1709 1519 1865 1570 dictis
1915 1519 2106 1569 vestris

128 1672 132 1674 .
166 1601 471 1663 'vitatibus,
514 1600 817 1651 diocesibus
860 1609 916 1650 et
960 1601 1249 1666 provinciis
1292 1602 1597 1667 inquisitori
1642 1602 1926 1667 pravitatis
1970 1600 2106 1652 eius·

222 1716 244 1730 ··
289 1685 377 1738 vel
404 1701 592 1736 corum
611 1683 824 1735 vicariis
855 1684 924 1734 ad
958 1685 1057 1734 hoc
1089 1685 1410 1735 mandatum
1442 1685 1766 1736 habentibus
1798 1687 1867 1735 ab
1884 1685 2105 1746 eisdem,

542 1766 748 1820 solicite
782 1768 1068 1830 studeatis,
1104 1770 1173 1819 ab
1207 1768 1281 1819 cis
1317 1779 1610 1834 oportunas
1643 1767 2017 1834 recognitionis
2052 1777 2108 1816 et

144 1882 180 1911 ,ι
210 1851 233 1895 ι’
293 1851 458 1904 tionis
495 1851 726 1914 litteras,
766 1853 852 1902 vel
890 1851 1254 1904 instrumenta
1294 1852 1507 1918 publica
1546 1852 1827 1917 recepturi.
1871 1852 2025 1915 Quod
2065 1850 2108 1899 si

132 1940 148 1997 ſs
179 1938 232 1980 '‘..‘
276 1935 421 1988 dicta
453 1954 667 1988 summa
702 1946 939 2002 quatuor
970 1935 1178 1987 milium
1211 1937 1533 1987 florenorum
1563 1936 1701 1986 infra
1735 1935 1968 2000 prefatos
2000 1945 2108 1983 tres

216 2023 265 2062 ”ι
303 2056 309 2062 -
371 2020 558 2072 forsan
582 2019 893 2087 nequiverit
918 2019 1079 2085 exigi,
1107 2037 1228 2071 eam
1256 2030 1457 2070 extunc
1486 2021 1625 2070 bona
1659 2020 1779 2080 fide,
1810 2037 1972 2084 quam
2002 2017 2108 2066 cito

223 2104 420 2157 ιιιιιοᾶο
462 2103 728 2171 poteritis,
774 2104 1020 2168 exigatis.
1068 2103 1322 2170 Alioquin
1366 2103 1660 2169 quemlibet
1704 2112 1943 2152 vestrum
1988 2119 2108 2150 con-

198 2197 509 2256 ιιριιοιιῐοιιι
556 2205 650 2239 seu
699 2188 964 2239 malitiose
1013 2187 1371 2253 negligentem
1409 2186 1715 2236 huiusmodi
1757 2185 1951 2236 nostris
1988 2185 2109 2233 obe-

179 2282 199 2308 ⁷
236 2307 242 2313 -
283 2271 558 2324 mandatis
589 2271 1168 2323 excommunicationis
1202 2270 1529 2321 sententiam
1563 2270 1827 2320 incurrere
1861 2269 2108 2318 volumus

207 2353 381 2422 ἰριος
418 2364 475 2405 et
513 2354 891 2406 nichilominus
932 2355 1101 2406 donec
1141 2373 1294 2405 suam
1337 2352 1643 2404 huiusmodi
1683 2353 1895 2417 culpam
1935 2368 2111 2401 emen-

166 2427 352 2518 serit
386 2447 443 2489 et
478 2438 762 2489 absolutus
800 2457 828 2488 a
869 2438 1015 2489 dicta
1053 2437 1323 2489 sententia
1363 2436 1525 2486 fuerit
1561 2454 1590 2488 a
1629 2434 1935 2502 receptione
1974 2435 2110 2484 male

307 2539 448 2573 ιι·ιιιιι
494 2531 552 2572 et
599 2522 902 2587 legatorum
951 2521 1278 2572 incertorum
1330 2519 1637 2570 huiusmodi
1684 2518 1754 2568 sit
1802 2535 2105 2583 suspensus.

177 2611 393 2657 terum
439 2605 690 2656 volumus
738 2614 795 2655 et
844 2606 1165 2656 mandamus
1216 2604 1358 2670 quod
1409 2601 1802 2654 venerabilibus
1852 2600 2110 2651 fratribus

297 2686 312 2700 ’
355 2725 389 2740 ..
440 2688 811 2754 suffraganeis
845 2688 1037 2739 vestris
1088 2687 1416 2739 auctoritate
1445 2695 1628 2736 nostra
1661 2684 1900 2750 predicta
1932 2682 2107 2733 distri·

175 2779 224 2843 ‘J-
308 2769 600 2823 inhibeatis
642 2789 711 2822 ne
753 2771 988 2832 interim,
1033 2771 1202 2821 donec
1245 2770 1387 2819 dicte
1429 2786 1637 2818 summe
1681 2767 2000 2817 florenorum
2043 2774 2104 2814 ut

345 2871 409 2906 ur
447 2853 655 2921 integre
696 2853 898 2906 fuerint
940 2853 1228 2918 assignate,
1273 2854 1338 2902 de
1382 2870 1487 2918 quo
1530 2870 1559 2902 a
1606 2850 1813 2916 prefato
1854 2849 2104 2914 episcopo

176 2995 210 3010 ..
297 2935 476 2989 οἷιιοιι.
534 2955 631 2989 vos
687 2947 743 2988 et
799 2937 902 3004 ipsi
958 2936 1283 3002 suffraganei
1340 2933 1776 2985 informationem
1821 2930 2107 2990 habebitis,

241 3020 453 3073 ιιιιιοᾶί
497 3021 635 3073 male
677 3021 859 3073 ablata
906 3030 963 3071 et
1006 3021 1183 3086 legata
1228 3019 1431 3070 incerta
1476 3017 1707 3082 recipere
1749 3026 1846 3067 aut
1890 3023 2105 3078 recepta

214 3101 370 3156 thos
409 3122 536 3176 usus
576 3114 889 3156 convertere
930 3121 1149 3170 quoquo
1191 3103 1350 3153 modo
1392 3108 1721 3167 presumant.
1766 3096 2018 3162 Alioquin
2057 3095 2110 3144 in

238 3185 458 3240 dictes
505 3187 1083 3240 excommunicationis
1131 3196 1187 3237 et
1237 3183 1596 3251 suspensionis
1647 3179 1941 3232 sententias
1993 3197 2110 3244 pro·

220 3299 229 3307 ι·
262 3266 350 3322 tis.
390 3269 477 3322 Sic
516 3269 704 3337 itaque
744 3271 1004 3323 mandata
1048 3269 1258 3336 prefata
1300 3266 1491 3333 exequi
1534 3263 1817 3323 studeatis,
1861 3261 2003 3327 quod
2046 3260 2110 3310 de

173 3409 176 3416 ,
239 3352 250 3362 ²
284 3350 418 3404 fidei
444 3362 501 3404 et
529 3363 784 3422 prompta
816 3352 1123 3404 obedientia
1156 3349 1520 3403 commendari
1553 3346 1740 3399 merito
1773 3344 2014 3396 valeatis.
2048 3370 2115 3378 —

280 3451 356 3488 ·m
405 3436 553 3506 apud
608 3435 1026 3496 villamnovam,
1083 3433 1402 3486 Avinionen.
1458 3430 1699 3491 diocesis,
1756 3446 1829 3478 xv
1862 3426 2116 3478 kalendas

223 3543 246 3557 ··
305 3533 447 3571 anne
474 3518 684 3586 quinto.

171 3599 251 3634 fg!

52 2076 149 2110 *⁶⁸⁴
172 2089 179 2097 ⁸

167 3679 259 3742 Ἴ
271 3693 451 3754 ''⁸511st
477 3699 822 3757 d’Aigrsieunls,
851 3702 1098 3745 chaucelier
1127 3703 1182 3745 de
1211 3700 1375 3755 l'eglise
1403 3701 1458 3742 de
1489 3699 1697 3751 Bomges,
1727 3694 1898 3739 notaire
1913 3693 2122 3760 apostoli·
2128 3739 2136 3757 Ξ

163 3814 168 3841 Δ,
187 3824 193 3826 ⁷
249 3797 262 3819 ι
247 3765 468 3814 ‘'ss-bord
489 3769 659 3827 mque
678 3772 734 3815 ds
758 3771 910 3816 Rode:
935 3771 978 3827 (2
998 3771 1110 3815 aeut
1130 3769 1280 3824 1361„
1302 3768 1422 3827 puis
1435 3768 1480 3811 d'
1484 3767 1688 3822 Avignon
1714 3765 1782 3819 (18
1805 3764 1949 3819 juillet
1972 3755 2122 3817 137'1);
