2540 4354
439 371 535 423 172
823 384 1113 418 BULLA1RE
1158 383 1232 415 DE
1276 365 1691 423 L'momsrnoN
1735 380 2054 423 FRANcAisE

432 506 509 556 rio
531 504 746 571 publico
768 520 951 552 coram
967 499 1181 566 prefato
1205 498 1426 548 domino
1447 508 1632 547 nostro
1653 515 1866 547 summo
1902 496 2158 562 pontifice
2202 508 2253 546 et
2289 515 2437 549 sacro

438 589 659 654 collegio
679 586 1103 637 reverendorum
1137 593 1360 649 patrum
1393 583 1449 632 in
1483 581 1695 632 Christo
1731 580 2078 631 dominorum
2127 591 2313 631 sancte
2359 601 2437 631 ro·

440 691 598 724 mane
621 670 855 722 Ecclesie
877 667 1239 720 cardinalium
1263 666 1622 732 personaliter
1646 665 1981 715 constitutus
2002 665 2171 716 frater
2195 666 2438 731 Raphael

435 758 639 823 Suppa,
685 757 750 805 de
795 755 996 814 Janua,
1042 752 1244 802 ordinis
1287 752 1523 801 fratrum
1569 751 1859 812 minorum,
1905 751 2207 815 quamdam
2264 751 2437 816 papiri
2501 790 2507 798 .

438 841 686 892 cedulam
731 838 861 903 legit
906 855 1089 886 coram
1134 835 1355 885 domino
1401 846 1587 884 nostro
1634 853 1776 900 papa
1822 845 1876 884 et
1907 834 2130 900 collegio
2160 834 2433 900 predictis,

438 927 672 975 formam
706 941 808 989 que
840 921 1088 987 sequitur
1119 920 1493 970 continentem
1527 940 1537 969 z

513 1011 673 1059 Pater
702 1006 1032 1067 beatissime,
1063 1023 1158 1070 ego
1188 1023 1296 1054 non
1325 1023 1446 1054 sum
1473 1004 1752 1054 litteratus
1783 1005 2039 1066 multum,
2070 1023 2167 1053 nec
2195 1004 2274 1054 fui
2294 1022 2441 1053 secu-

440 1105 528 1143 tus
564 1092 765 1154 studia,
801 1102 856 1140 et
889 1091 1028 1151 ideo,
1065 1090 1190 1139 licet
1225 1090 1442 1139 credam
1481 1089 1709 1147 firmiter
1742 1100 1796 1138 et
1840 1089 2106 1138 confitear
2125 1088 2439 1154 simpliciter

435 1177 618 1228 omnia
664 1195 767 1242 que
811 1175 982 1225 credit
1002 1185 1057 1224 et
1085 1174 1383 1223 confitetur
1411 1184 1601 1224 sancta
1629 1192 1857 1223 romana
1892 1173 2143 1234 Ecclesia>⁴
2181 1172 2437 1222 nescirem

436 1273 626 1313 tamen
653 1261 770 1327 ipsa
800 1259 981 1310 omnia
1012 1277 1106 1325 per
1142 1277 1448 1308 sermonem
1474 1258 1771 1323 explicare3
1793 1257 2050 1323 quicquid
2074 1268 2258 1308 tamen
2285 1257 2355 1306 sit
2374 1258 2436 1308 de

438 1346 711 1407 omnibus,
733 1346 868 1395 duos
890 1355 1076 1394 tamen
1096 1343 1354 1394 articulos
1390 1343 1482 1408 qui
1516 1342 1868 1392 continentur
1900 1342 1955 1392 in
1990 1343 2230 1408 quadam
2264 1343 2438 1391 decre-

435 1433 534 1483 tali
554 1431 875 1482 Sanctitatis
900 1432 1088 1480 Vestre
1118 1448 1221 1494 que
1250 1429 1444 1494 incipit
1474 1449 1484 1478 :
1516 1430 1653 1479 Cum
1682 1428 1815 1478 inter
1843 1428 2143 1490 nonnullo-9,
2165 1446 2260 1493 ego
2283 1429 2436 1478 corde

437 1517 595 1566 credo
643 1516 871 1565 firmiter
913 1525 968 1564 et
1002 1532 1089 1564 ore
1124 1514 1390 1563 confiteor
1424 1513 1743 1578 simpliciter
1775 1531 1887 1563 esse
1923 1531 2094 1575 veros,
2132 1523 2348 1563 sanctos
2387 1523 2439 1562 et

436 1600 754 1661 catholicos,
779 1618 1013 1665 quorum
1040 1598 1246 1664 primus
1282 1597 1415 1647 dicit
1456 1599 1601 1662 quod
1643 1615 1876 1647 asserere
1911 1596 2264 1663 pertinaciter
2298 1596 2438 1647 Chri-

439 1696 587 1735 stum
605 1686 1011 1748 redemptorem
1031 1693 1281 1733 nostrum
1301 1681 1524 1747 eiusque
1546 1682 1823 1748 apostolos
1858 1700 1966 1732 non
1999 1681 2252 1732 habuisse
2272 1681 2326 1731 in
2345 1682 2441 1731 hoc

438 1770 642 1819 mundo
662 1769 720 1820 in
738 1768 959 1834 speciali
977 1786 1074 1817 nec
1107 1767 1274 1817 etiam
1307 1767 1361 1816 in
1397 1767 1615 1816 comuni
1649 1766 1950 1816 hereticum
1983 1777 2066 1816 est
2099 1767 2440 1827 sensendum,

438 1873 560 1903 cum
581 1853 862 1919 Scriptura
895 1871 1064 1911 sacra,
1100 1870 1204 1917 que
1234 1852 1289 1901 in
1326 1851 1473 1901 omni
1493 1862 1648 1917 parte
1683 1870 1778 1901 sua
1813 1851 2107 1901 veritatem
2127 1851 2371 1900 continet
2389 1860 2440 1900 et

440 1957 532 2004 per
559 1957 725 2003 quam
750 1936 1001 1987 veritatis
1028 1936 1294 1986 catholice
1313 1937 1619 2001 probantur
1638 1935 1869 1995 articuli,
1894 1935 2214 2001 oppositum
2234 1943 2443 1985 astruat

435 2024 735 2073 evidenter.
771 2024 933 2072 Pater
961 2021 1320 2082 sanctissime,
1352 2039 1448 2086 ego
1480 2022 1637 2070 credo
1669 2020 1977 2071 firmissime
2007 2020 2304 2071 hereticam
2333 2037 2442 2070 esse

435 2106 749 2158 huiusmodi
774 2105 1147 2157 assersionem.
1177 2105 1457 2155 Secundus
1497 2105 1759 2156 articulus
1809 2105 1942 2155 dicit
1999 2106 2145 2171 quod
2213 2121 2442 2155 asserere
2510 2158 2513 2160 ,

434 2191 787 2257 pertinaciter
832 2189 1108 2240 Christum
1152 2190 1557 2255 redemptorem
1602 2200 1853 2239 nostrum
1898 2188 2121 2255 eiusque
2166 2189 2438 2255 apostolos

428 2277 483 2325 in
518 2277 678 2326 rebus
717 2275 913 2341 quibus
950 2275 1254 2325 utebantur
1288 2274 1343 2324 in
1393 2275 1494 2324 hoc
1531 2275 1735 2324 mundo
1772 2293 1881 2324 non
1918 2274 2170 2324 habuisse
2223 2273 2439 2339 aliquod

426 2358 510 2410 ius
539 2360 747 2421 utendi,
778 2358 1068 2420 vendendi,
1099 2377 1190 2408 seu
1220 2359 1479 2420 donandi,
1510 2378 1571 2409 ac
1599 2377 1666 2408 ex
1705 2359 1834 2424 ipsis
1877 2359 2060 2423 aliqua
2103 2359 2206 2409 alia
2265 2357 2443 2424 acqui·

426 2445 599 2503 rendi,
635 2444 935 2494 hereticum
967 2454 1048 2492 est
1079 2444 1433 2505 sensendum3
1467 2444 1592 2509 quia
1625 2452 2104 2509 tuncsequeretur
2139 2443 2283 2509 quod
2314 2459 2442 2492 usus

426 2547 614 2580 eorum
654 2528 846 2578 fuisset
885 2526 1138 2589 iniustus,
1195 2546 1255 2577 eo
1313 2529 1458 2593 quod
1514 2528 1627 2578 sine
1691 2526 1808 2577 iure
1859 2528 2091 2578 fuissent
2147 2528 2244 2589 usi,
2300 2526 2440 2593 quod

426 2613 733 2680 specialiter
767 2613 832 2661 de
867 2612 1079 2661 Christo
1143 2612 1294 2662 nefas
1343 2623 1424 2661 est
1473 2612 1688 2662 sentire.
1742 2614 1904 2663 Pater
1938 2612 2294 2673 sanctissime,
2343 2629 2435 2676 ego

423 2700 582 2751 credo
633 2697 938 2748 firmissime
984 2697 1281 2747 hereticam
1327 2716 1439 2747 esse
1499 2696 1813 2748 huiusmodi
1859 2698 2215 2748 assertionem
2259 2708 2310 2746 et
2345 2713 2438 2762 ego

426 2783 742 2849 oppositum
782 2793 958 2843 teneo,
999 2792 1053 2830 et
1091 2800 1303 2847 semper
1342 2783 1606 2848 promitto
1661 2798 1744 2831 me
1785 2793 1984 2832 tenere.
2032 2784 2193 2833 Pater
2253 2780 2445 2832 beatis-

426 2869 576 2929 sime,
607 2886 798 2917 verum
827 2877 908 2916 est
938 2867 1084 2931 quod
1113 2885 1209 2931 ego
1230 2867 1418 2916 adhesi
1440 2867 1689 2918 Michaeli
1709 2868 1775 2917 de
1796 2868 2014 2928 Sezena,
2037 2886 2145 2917 non
2174 2877 2359 2917 tamen
2377 2881 2435 2914 ex

429 2971 534 3018 quo
560 2951 694 3002 scivi
716 2969 841 3001 eum
864 2950 1029 3000 fuisse
1052 2951 1366 3016 depositum
1385 2953 1454 3001 ab
1475 2951 1648 3001 officio
1670 2968 1762 3017 per
1784 2952 2151 3003 Sanctitatem
2181 2952 2445 3010 Vestram,

427 3046 482 3086 et
517 3035 742 3086 exhibui
786 3035 832 3084 ei
875 3035 1245 3085 reverentiam
1290 3035 1432 3085 sicut
1477 3036 1712 3101 generali
1732 3036 2008 3098 ministr03
2035 3053 2342 3102 numquam
2369 3043 2446 3083 ta-

433 3140 556 3171 men
587 3119 702 3170 favi
733 3119 835 3169 sibi
865 3119 920 3168 in
953 3137 1048 3168 sua
1082 3119 1270 3169 heresi.
1306 3119 1510 3170 Adhesi
1541 3120 1709 3170 etiam
1740 3121 1954 3171 Bavaro
1989 3121 2225 3170 heretico
2258 3130 2312 3169 et
2359 3136 2448 3184 per

434 3204 799 3256 Sanctitatem
828 3204 1080 3253 Vestram
1107 3203 1170 3253 de
1198 3204 1370 3254 heresi
1395 3205 1718 3270 dampnato,
1746 3205 2079 3271 exhibuique
2105 3205 2151 3254 ei
2204 3220 2442 3253 reveren·

434 3289 570 3339 tiam
605 3288 746 3338 sicut
779 3286 1124 3352 imperatori3
1181 3306 1487 3353 numquam
1522 3298 1710 3338 tamen
1745 3289 1859 3338 favi
1893 3289 1994 3339 sibi
2028 3289 2082 3338 in
2118 3307 2213 3338 sua
2259 3284 2441 3346 heresi,

432 3392 529 3423 nec
563 3390 827 3437 umquam
862 3371 1064 3420 credidi
1096 3371 1279 3436 ipsum
1311 3371 1476 3422 fuisse
1509 3390 1702 3422 verum
1733 3372 2140 3438 imperatorem,
2183 3371 2311 3438 quia
2343 3387 2445 3420 non

434 3467 552 3506 erat
595 3455 953 3505 confirmatus
1000 3473 1094 3520 per
1139 3455 1506 3506 Sanctitatem
1550 3457 1819 3508 Vestram.
1870 3458 2008 3507 Item
2051 3456 2239 3507 adhesi
2289 3457 2442 3504 Petro

435 3542 499 3590 dc
535 3538 809 3600 Corvaria,
845 3538 1124 3589 sismatico
1158 3550 1212 3589 et
1246 3540 1973 3607 heresiarche,'exhibuique
2008 3542 2053 3591 ei
2091 3537 2445 3590 reverentiam

437 3625 581 3674 sicut
607 3641 773 3689 pape3
819 3642 1130 3688 numquam
1154 3634 1343 3675 tamen
1367 3625 1481 3674 favi
1505 3625 1607 3674 sibi
1650 3625 1702 3674 in
1728 3645 1823 3675 sua
1850 3626 2039 3686 heresi,
2067 3644 2162 3674 nec
2190 3638 2446 3687 umquam

437 3708 646 3757 credidi
681 3708 862 3772 ipsum
900 3725 1014 3756 esse
1052 3726 1243 3758 verum
1282 3727 1502 3775 papam.
1546 3710 1718 3771 Unde,
1761 3711 1922 3759 Pater
1959 3708 2315 3768 sanctissime,
2354 3721 2445 3769 ego

426 3793 666 3856 dampno
711 3790 956 3841 omnium
1019 3791 1249 3842 istorum
1294 3794 1521 3855 hereses,
1567 3803 1620 3842 et
1665 3794 1790 3859 quia
1849 3794 1921 3844 eis
1981 3793 2093 3844 favi
2152 3791 2243 3857 qui
2299 3796 2446 3839 erant
