2540 4354
445 358 543 411 160
827 378 1115 412 BULLAIRE
1160 381 1232 412 DE
1275 360 1690 423 L’INQUISITION
1734 378 2051 422 FRANcAlsE

439 496 498 545 de
541 496 784 558 Limoux,
843 495 1130 545 condamm}
1185 514 1320 561 pour
1362 496 1554 546 he're'sie
1598 495 1638 546 il
1680 515 1712 561 y
1742 514 1774 544 a
1816 495 2266 562 soixante-quinze
2304 502 2436 551 ἀπε.

443 609 510 614 -
539 579 808 644 Avignon,
842 579 906 629 19
936 580 1220 629 decembre
1252 580 1404 631 1330.

785 711 888 763 Reg.
918 711 1072 763 Aven„
1101 719 1134 752 t.
1165 726 1335 764 xxmx,
1363 712 1439 752 fol.
1469 713 1566 753 638.

514 833 735 883 Dilectis
770 833 889 882 filiis
920 833 1197 883 Bernardo
1226 833 1490 895 Embrini,
1512 831 1831 896 presbitero,
1855 841 1910 880 et
1935 830 2156 880 Nicolao
2184 829 2445 892 Embrini,

441 917 827 983 germanis,.ac
867 917 1254 967 Bartholomeo
1298 917 1563 977 Embrini,
1605 935 1792 966 eorum
1813 914 2232 979 consanguineo,
2267 913 2445 964 fratri-

440 1004 539 1053 bus
574 1003 764 1051 domus
802 1002 866 1050 de
902 1001 1118 1051 Limoso
1151 1000 1189 1064 1,
1225 1001 1426 1051 ordinis
1461 1012 1648 1051 sancte
1682 1000 1966 1050 Trinitatis
1999 1009 2053 1048 et
2074 998 2445 1063 Captivorum,

442 1087 750 1138 Narbonen.
773 1085 1016 1146 diocesis,
1038 1086 1291 1148 salutem,
1317 1096 1419 1136 etc.
1442 1115 1510 1121 —
1545 1085 1839 1150 Religionis
1873 1084 2017 1134 zelus
2139 1082 2277 1133 Sane
2310 1081 2440 1148 peti-

439 1171 514 1220 tio
532 1189 631 1236 pro
662 1181 818 1236 parte
837 1181 1019 1220 vestra
1040 1170 1194 1220 nobis
1215 1170 1461 1221 exhibita
1482 1170 1801 1220 continebat
1822 1169 1967 1235 quod
1988 1186 2055 1218 ex
2073 1185 2133 1217 eo
2155 1166 2300 1232 quod
2326 1184 2446 1216 con-

439 1256 567 1305 dam
615 1255 924 1305 Bernardus
975 1254 1203 1305 Arnaldi
1254 1255 1518 1316 Embrini,
1570 1254 1738 1305 laicus
1759 1254 1823 1304 de
1860 1253 2094 1314 Limoso,
2135 1251 2449 1302 Narbonen.

442 1339 686 1402 diocesis,
723 1358 860 1390 avus
897 1350 1158 1405 paternus
1194 1350 1391 1400 vester,
1431 1350 1557 1406 post
1592 1357 1753 1390 suum
1787 1338 2004 1388 obitum
2036 1335 2148 1387 iam
2201 1345 2329 1386 sunt
2370 1352 2444 1384 se·

443 1424 735 1490 ptuaginta
778 1424 1020 1490 quinque
1059 1424 1189 1475 anni
1226 1424 1396 1490 elapsi
1434 1425 1520 1474 vel
1560 1423 1697 1474 circa
1738 1441 1898 1489 super
1918 1421 2156 1472 heretica
2176 1419 2447 1486 pravitate

442 1509 657 1559 delatus
691 1526 835 1574 per..
871 1508 1253 1574 inquisitorem
1287 1508 1580 1574 pravitatis
1614 1507 1856 1574 predicte
1878 1505 2211 1557 auctoritate
2233 1514 2447 1570 aposto·
2510 1555 2515 1558 ,

441 1593 541 1644 lica
575 1603 709 1643 tunc
740 1592 797 1643 in
827 1592 929 1643 illis
963 1593 1213 1659 partibus
1248 1594 1581 1659 deputatum
1614 1602 1947 1643 asserentem
1981 1590 2193 1640 dictum
2225 1589 2448 1638 Bernar-

443 1679 574 1727 dum
604 1677 1025 1743 impenitentem
1057 1688 1111 1727 et
1141 1678 1512 1727 inconfessum
1544 1678 1609 1727 de
1641 1677 1918 1743 pravitate
1940 1673 2256 1724 huiusmodi
2275 1674 2450 1723 deces-

439 1762 570 1812 sisse
605 1763 668 1811 de
702 1762 824 1811 labe
872 1762 1166 1826 pravitatis
1216 1761 1458 1827 predicte
1508 1743 1912 1811 sentencialiter
1959 1758 2148 1811 extitit
2198 1758 2446 1806 condem·

443 1857 643 1912 pnatus
675 1845 712 1908 2,
746 1864 842 1896 vos
876 1856 1072 1911 utpote
1102 1856 1329 1912 nepotes
1361 1846 1529 1912 ipsius
1564 1863 1658 1911 per
1689 1855 1980 1911 paternam
2011 1843 2211 1893 lineam
2233 1842 2444 1891 descen-

440 1931 629 1980 dentes
668 1949 697 1980 a
736 1930 1012 1980 beneficiis
1051 1930 1426 1980 ecclesiasticis
1465 1941 1519 1979 et
1558 1929 1787 1995 publicis
1828 1927 2014 1978 officiis
2053 1937 2341 1992 propterea
2379 1925 2444 1974 ti-

442 2025 650 2064 mentes
682 2014 899 2064 excludi
926 2011 965 2077 3,
999 2014 1154 2064 nobis·
1188 2014 1466 2064 humiliter
1497 2014 1846 2080 supplicastis
1880 2023 1942 2062 ut
1973 2011 2259 2062 vobiscum
2292 2027 2450 2075 super

442 2099 714 2166 premissis
743 2099 1162 2149 misericorditer
1188 2118 1343 2164 agere
1371 2100 1736 2164 dignaremur.
1769 2098 1879 2148 Nos
1905 2097 2072 2162 igitur
2099 2095 2447 2146 attendentes

443 2185 605 2250 quod,
637 2184 777 2234 sicut
805 2183 989 2233 dilecti
1019 2184 1149 2233 filii..
1186 2184 1642 2233 ministridomus
1671 2184 1737 2232 de
1770 2181 2007 2243 Limoso,
2045 2179 2246 2230 ordinis
2267 2188 2448 2229 sancte

441 2267 725 2318 Trinitatis
759 2278 814 2317 et
846 2267 1223 2334 Captivorum,
1261 2269 1404 2318 dicte
1424 2268 1666 2328 diocesis,
1688 2266 2004 2317 testimonio
2042 2264 2314 2329 fidedigno
2334 2280 2447 2329 per-

442 2353 698 2418 cepimus,
729 2352 784 2402 in
813 2352 1000 2402 ordine
1027 2363 1210 2403 vestro
1239 2353 1590 2403 laudabiliter
1617 2370 1714 2402 vos
1759 2351 1940 2417 geritis
1960 2389 1991 2402 ..
2026 2350 2171 2416 quod
2287 2346 2448 2413 possi-

441 2437 510 2487 tis
540 2436 764 2487 admitti
807 2437 876 2487 ad
907 2436 1081 2488 officia
1113 2438 1382 2503 prelibata
1414 2448 1467 2486 et
1497 2435 2003 2487 administrationes
2034 2433 2202 2484 vestri
2247 2430 2444 2482 ordinis

441 2521 745 2587 supradicti
779 2520 1131 2571 vobiscum...
1172 2522 1566 2587 dispensamus.
1608 2519 1757 2570 Nulli
1792 2538 1934 2585 ergo,
1972 2529 2074 2568 etc.
2127 2546 2196 2552 -—
2247 2517 2448 2566 Datum

443 2603 720 2667 Avinioni,
758 2625 888 2655 XIIII
923 2606 1183 2656 kalendas
1214 2604 1474 2668 ianuarii,
1510 2624 1653 2656 anno
1689 2603 2115 2671 quintodecimo,

501 2751 541 2792 1.
574 2750 765 2793 Limoux
803 2750 981 2805 (Aude),
1016 2751 1226 2793 chef-lieu
1259 2751 1699 2794 d'arrondissement.

502 2823 541 2862 2.
575 2822 658 2862 Les
695 2822 883 2862 Embrin
918 2823 973 2863 de
1009 2823 1200 2863 L·m0ux
1235 2823 1408 2864 etaient
1442 2836 1530 2863 une
1563 2821 1732 2862 famille
1767 2820 2085 2873 d'heretiques.
2141 2819 2213 2859 Un
2263 2815 2455 2858 Bernard

446 2892 633 2933 Embrin
657 2892 821 2945 aurait,
847 2893 924 2933 des
943 2893 1071 2947 1263,
1092 2894 1153 2934 dfi
1172 2892 1415 2947 accomplir
1433 2907 1495 2934 un
1514 2905 1687 2947 voyage
1708 2898 1952 2932 outre-mer
1970 2904 2051 2944 par
2070 2889 2184 2930 suite
2203 2888 2338 2930 d’une
2357 2888 2455 2928 cori-

443 2962 712 3004 damnation
731 2963 787 3003 de
805 2962 1116 3016 l'Inquisition
1136 2964 1192 3004 de
1212 2963 1529 3005 carcassonne.
1551 2963 1679 3015 Mais,
1701 2962 1803 3015 deja
1823 2962 1992 3002 avance
2014 2974 2069 3001 en
2088 2962 2168 3012 age
2188 2967 2234 3000 et
2268 2956 2454 3010 malade,

442 3033 471 3072 il
496 3032 671 3074 n’avait
692 3047 755 3087 pu
776 3033 1045 3087 s'acquitter
1065 3034 1474 3087 personnellement
1496 3034 1552 3074 de
1574 3039 1694 3074 cette
1717 3031 1977 3084 obligation.
2003 3030 2079 3071 Ses
2102 3030 2251 3082 freres,
2274 3026 2453 3068 Arnaud

444 3110 490 3143 et
512 3103 936 3156 Bernard-Arnaud,
961 3106 1134 3157 presses
1159 3105 1214 3145 de
1239 3118 1380 3158 payer
1403 3104 1446 3144 la
1472 3104 1599 3144 dette
1623 3103 1893 3154 fraternelle‚
1920 3116 1974 3143 en
1998 3101 2239 3142 refer-erent
2262 3113 2319 3140 au
2342 3109 2453 3151 pape

446 3173 614 3214 Urbain
641 3173 719 3226 IV,
742 3173 834 3226 qui,
855 3173 895 3214 le
917 3174 970 3214 28
993 3188 1112 3215 mars
1135 3174 1264 3227 1263,
1287 3188 1460 3215 somma
1481 3175 1543 3214 les
1564 3173 1856 3227 inquisiteurs
1879 3173 1934 3213 de
1957 3185 2011 3212 ne
2034 3171 2133 3224 plus
2154 3170 2216 3210 les
2238 3167 2453 3222 inquietet

443 3244 469 3283 a
497 3250 569 3284 cet
595 3243 786 3285 endroit.
818 3244 953 3297 Doat,
983 3251 1017 3285 t.
1046 3259 1185 3298 xxxr,
1211 3244 1288 3286 fol.
1317 3245 1414 3285 283.

503 3313 568 3354 La
590 3314 709 3354 bulle
732 3315 786 3355 de
810 3314 837 3354 J
842 3328 925 3354 ean
948 3314 1090 3355 XXII
1115 3328 1227 3355 nous
1250 3315 1450 3368 apprend
1475 3315 1618 3367 qu'un
1638 3312 2048 3356 Bernard-Arnaud
2073 3310 2273 3361 Embrin,
2298 3307 2453 3363 grand-

445 3386 549 3437 pere
576 3384 652 3424 des
680 3384 790 3424 trois
817 3384 1030 3437 religieux
1058 3385 1302 3426 trinitaires
1332 3384 1394 3437 (et
1420 3384 1496 3438 qui
1523 3384 1659 3425 serait
1685 3384 1895 3425 different
1921 3383 1976 3423 de
2002 3381 2114 3422 celui
2141 3382 2254 3421 dont
2277 3379 2308 3420 il
2334 3378 2453 3419 vient

446 3453 588 3493 d'etre
615 3454 824 3507 question
850 3454 901 3507 si,
930 3468 984 3495 en
1010 3455 1138 3508 1330,
1166 3455 1554 3507 soixante-quinze
1581 3456 1744 3495 annees
1770 3453 2025 3508 separaient
2050 3466 2118 3492 ses
2144 3449 2375 3505 petits·fils
2401 3447 2453 3488 de

445 3523 654 3577 l'epoque
685 3525 740 3564 de
770 3538 819 3564 sa
848 3524 1002 3578 mort),
1033 3526 1160 3566 avait
1189 3526 1259 3566 ete
1291 3526 1539 3566 condamne
1571 3538 1743 3566 comme
1772 3524 2005 3577 heretique
2034 3521 2304 3575 impenitent
2332 3519 2455 3571 apres

446 3607 526 3633 son
551 3594 693 3635 deces.
720 3594 785 3634 La
810 3602 1020 3636 sentence
1046 3595 1394 3637 d’exhumation
1418 3596 1474 3636 de
1497 3609 1565 3636 ses
1590 3602 1729 3636 restes
1752 3594 1929 3636 fut-elle
1954 3593 2164 3634 executee
2183 3587 2456 3630 immediate-

448 3671 574 3704 ment
597 3664 616 3704 Ρ
641 3664 670 3704 J
675 3679 697 3705 e
720 3679 776 3705 ne
799 3665 900 3707 sais.
925 3666 1147 3718 Toujours
1172 3666 1290 3706 est-il
1314 3679 1415 3719 que,
1437 3666 1477 3706 le
1499 3667 1524 3706 3
1549 3666 1781 3706 decembre
1803 3665 1931 3716 1318,
1953 3663 2015 3703 les
2037 3657 2325 3714 inquisiteurs
2347 3657 2455 3697 Jean

449 3733 503 3772 de
531 3734 725 3786 Beaune,
753 3734 975 3777 Bertrand
1002 3735 1229 3788 d’Auriac,
1261 3736 1443 3788 Hugues
1472 3737 1527 3777 de
1554 3736 1755 3788 Badefol,
1783 3736 1844 3776 les
1873 3735 2063 3786 eveques
2093 3732 2147 3772 de
2176 3731 2363 3780 Castres,
2404 3726 2457 3766 de

450 3802 649 3844 Pamiers
679 3811 725 3846 et
752 3805 904 3846 d'Alet
931 3808 1258 3860 prononcerent
1287 3819 1373 3846 une
1401 3805 1529 3860 peine
1557 3800 1800 3846 semblable
1828 3811 1982 3846 contre
2012 3816 2073 3843 un
2094 3807 2222 3842 autre
2240 3796 2456 3840 Bernard-
