2540 4354
947 391 1163 426 annot-r
1211 393 1295 428 κη
2019 372 2127 426 255

83 543 85 547 1
133 516 190 559 et
214 503 489 557 redeundo
516 505 587 556 ab
613 521 676 556 ea
704 505 1041 571 precepimus
1069 507 1330 570 exhiberi,
1359 517 1738 574 comparerent
1765 505 2124 573 personaliter

1 580 9 585 ³
84 651 90 653 ,
134 606 316 643 eoram
348 587 531 650 nobis;
563 606 627 639 ac
659 587 765 639 alia
799 587 1043 653 predicta
1077 590 1259 641 omnia
1293 600 1348 639 et
1381 591 1590 655 singula
1624 608 1719 656 per
1751 607 1867 651 nos,
1902 599 1965 639 ut
1998 606 2116 654 pre-

91 674 94 679 ’
137 671 394 734 mittitur,
446 669 698 722 ordinata
746 670 903 722 iuxta
954 671 1353 723 ordinationem
1418 673 1729 724 huiusmodi
1791 672 2120 723 demandare

135 753 442 806 executioni
481 753 662 804 debite
704 754 980 805 curaretis.
1023 754 1460 806 contradictores
1502 774 1596 822 per
1636 773 1918 807 censuram
1958 755 2123 804 eccle-

89 885 99 895 ,
133 836 427 898 siasticam,
459 836 824 903 appellatione
857 837 1182 904 postposita,
1216 839 1623 904 compescendo.

202 919 336 972 Cum
382 930 588 982 autem,
634 920 777 971 sicut
823 920 1096 971 dictorum
1148 921 1347 971 Hervei
1394 932 1450 971 et
1502 922 1682 972 lvonis
1732 921 2126 988 conquestione

0 1002 2 1014 ²
84 998 93 1067 ζ
133 1002 489 1073 percepimus,
527 1013 608 1066 tu,
647 1002 857 1070 prefate
893 1003 1143 1070 episcope
1182 1005 1558 1071 Corisopiten.,
1598 1005 1691 1071 qui
1727 1005 1870 1056 solus
1908 1004 1962 1054 in
2000 1022 2123 1054 exc-

88 1079 97 1085 '¹
134 1085 349 1139 cutione
377 1085 778 1152 premissorum,
807 1096 971 1153 prout
997 1104 1065 1137 ex
1091 1086 1265 1137 forma
1294 1087 1602 1138 litterarum
1629 1097 1940 1139 nostrarum
1969 1097 2121 1153 pote-

91 1203 94 1231 :
133 1185 239 1231 ras,
275 1169 562 1236 procedere
596 1169 864 1236 incepisti,
903 1170 1161 1236 premissa
1199 1170 1253 1219 in
1291 1180 1443 1236 parte
1481 1171 1776 1221 dumtaxat
1814 1191 1826 1220 ι
1864 1170 2119 1219 videlicet

102 1277 106 1284 ·
133 1249 190 1303 in
221 1250 490 1302 mittendo
524 1251 733 1303 dictum
769 1252 1117 1303 Guillelmum
1150 1254 1487 1303 sacerdotem
1523 1253 1803 1318 captivum
1837 1253 1906 1303 ad
1940 1270 2116 1302 roma-

0 1317 2 1332 ’
97 1345 103 1348 ’
131 1330 261 1388 mim
295 1333 511 1386 Curiam
544 1334 707 1386 fueris
741 1346 1030 1399 executus;
1064 1354 1127 1387 ac
1161 1336 1227 1386 de
1260 1336 1610 1387 restitucione
1646 1337 1912 1386 bonorum
1948 1334 2118 1385 mobi-

7 1423 11 1434 '
102 1415 264 1471 tffium
312 1428 368 1468 et
415 1405 776 1470 immobilium
825 1420 1233 1471 subtractorum
1285 1419 1457 1480 uxori,
1523 1419 1683 1469 matri
1745 1429 1799 1467 et
1861 1418 2120 1470 fratribus

101 1504 105 1506 ’
137 1498 335 1552 Hervei
366 1501 597 1567 predicti
627 1512 685 1552 et
716 1502 819 1569 ipsi
856 1502 1087 1564 Herveo,
1122 1502 1324 1552 eisdem
1359 1502 1622 1567 spoliatis,
1658 1502 1811 1552 iuxta
1847 1501 2119 1551 dictarum

100 1581 438 1636 *litterarum
483 1594 796 1636 nostrarum
844 1586 1258 1646 continentiam,
1308 1585 1582 1647 facienda3
1631 1602 1839 1634 necnon
1887 1584 1952 1633 de
2001 1583 2119 1634 aliis

98 1669 102 1674 ”
133 1666 375 1733 pluribus
412 1677 468 1717 et
505 1667 728 1719 diversis
767 1669 1008 1720 articulis
1046 1670 1100 1719 in
1137 1669 1340 1719 eisdem
1379 1669 1572 1718 litteris
1612 1668 1808 1717 nostris
1848 1666 2120 1716 contentis

106 1739 114 1781 .'
133 1743 380 1802 seriosius
422 1761 480 1801 et
521 1752 786 1818 expressis
830 1762 884 1803 te
927 1770 1037 1805 non
1078 1752 1461 1813 intromiseris3
1506 1769 1604 1802 nec
1647 1751 1886 1817 aliquam
1932 1768 2127 1805 execu-

24 1829 28 1835 ’
115 1832 335 1884 tionem
363 1833 550 1885 feceris
579 1853 740 1901 super
768 1835 861 1899 eis,
891 1836 947 1887 in
976 1836 1362 1903 premissorum
1393 1835 1781 1886 mandatorum
1810 1844 2121 1883 nostrorum

103 1949 105 1951 ·
131 1921 509 1984 contemptum
539 1928 596 1968 et
626 1919 996 1985 predictorum
1031 1919 1231 1970 Hervei
1260 1930 1316 1969 et
1352 1918 1534 1969 lvonis
1565 1928 1621 1967 et
1650 1918 1966 1967 eorumdem
1998 1934 2122 1982 spo-

112 1995 386 2058 liatorum
428 2001 786 2068 preiudicium
829 2013 885 2052 et
929 2020 1364 2069 gravamen3nos
1398 2002 1642 2052 volentes
1674 2001 1819 2067 quod
1861 1999 2120 2066 premissa

119 2079 313 2147 jbmnia
363 2092 420 2134 et
464 2083 674 2150 singula
714 2086 1023 2137 executioni
1073 2085 1256 2136 debite
1308 2086 1727 2145 demandentur,
1785 2082 2124 2134 fraternitati

34 2212 39 2220 .
105 2164 327 2229 “sti-e,
371 2165 424 2217 in
482 2167 689 2219 virtute
747 2170 1058 2221 obediencie
1117 2188 1211 2237 per
1266 2169 1565 2236 apostolica
1625 2167 1827 2233 scripta
1873 2166 2118 2216 districte

130 2249 476 2316 recipiendo
518 2252 844 2304 mandamus
887 2254 1146 2319 quatinus
1202 2271 1317 2315 vos,
1372 2254 1459 2303 vel
1500 2253 1638 2302 alter
1696 2260 1959 2310 vestrum,
2021 2266 2116 2314 per

34 2399 36 2402 y
123 2336 246 2396 θοι,
310 2333 400 2384 vel
463 2350 559 2400 per
613 2334 799 2399 alium,
857 2354 953 2387 seu
1010 2337 1162 2399 alios,
1221 2337 1277 2387 in
1346 2335 1666 2386 executione
1727 2333 2118 2399 premissorum

122 2410 179 2462 ’ὅ
193 2444 198 2460 ·
228 2444 237 2476 ς
308 2434 463 2469 orum
497 2426 553 2467 et
587 2419 832 2470 omnium
867 2420 1174 2487 procedatis
1210 2420 1365 2471 iuxta
1402 2419 1642 2486 priorum
1690 2434 1852 2483 super
1887 2417 1989 2466 hiis
2026 2433 2120 2464 vo-

135 2565 150 2573 ᾖ
248 2499 579 2552 directarum
619 2503 1015 2554 continentiam
1053 2504 1379 2555 litterarum.

128 2648 131 2649 ⁷
168 2574 450 2638 ²coterum
490 2585 620 2654 quia
660 2585 889 2637 dilectus
932 2586 1072 2637 filius
1113 2586 1307 2637 nobilis
1347 2586 1431 2636 vir
1470 2586 1747 2636 Jobannes
1776 2585 1813 2643 ²,
1855 2583 1968 2632 dux
2007 2582 2120 2632 Bri·

55 2666 58 2671 ’
128 2664 332 2732 ’·1ιίο,
374 2670 619 2737 predicta
661 2670 802 2721 bona
845 2670 915 2721 ad
957 2687 1201 2732 uxorem,
1245 2679 1495 2730 matrem,
1538 2678 1594 2719 et
1635 2667 1829 2718 fratres
1871 2665 2116 2716 eiusdem

131 2751 332 2822 ervei
367 2752 678 2820 spectancia
717 2752 918 2804 dicitur
956 2753 1198 2804 detinere
1237 2752 1477 2803 indebite
1519 2760 1813 2816 occupata;
1855 2766 1978 2798 cum
2019 2764 2115 2796 nec

52 2846 54 2849 ’
132 2827 162 2890 ..³
208 2849 268 2893 οι·
282 2852 396 2927 ‘pro
431 2835 647 2897 marito,
682 2851 781 2886 nec
817 2846 992 2887 mater
1028 2854 1123 2903 pro
1163 2835 1291 2897 filio,
1328 2853 1424 2885 nec
1460 2834 1628 2885 frater
1663 2851 1758 2898 pro
1795 2831 1980 2890 fratre,
2020 2846 2116 2878 nec

161 2921 189 2956 ³-
183 2912 324 2981 quis
358 2914 580 2967 alterius
618 2914 742 2966 odio
780 2915 1109 2982 pregravari,
1146 2915 1377 2965 eundem
1417 2914 1609 2963 ducem
1646 2930 1714 2962 ex
1751 2921 1904 2978 parte
1934 2919 2118 2959 nostra

191 2995 397 3049 nitere
434 3006 491 3048 et
528 3014 746 3049 monere
786 2998 982 3049 curetis
1024 3008 1086 3048 ut
1125 2997 1262 3048 inira
1305 3007 1512 3046 certum
1554 2994 1978 3061 peremptorium
2017 3002 2121 3040 ter-

204 3096 337 3132 um
381 3091 802 3149 competentem,
849 3100 1011 3148 quem
1056 3081 1102 3131 ei
1149 3081 1216 3132 ad
1267 3082 1365 3130 hoc
1410 3078 1675 3129 duxeritis
1724 3076 2118 3143 prefigendum‚

164 3153 372 3216 'dicta
404 3165 546 3217 bona
577 3164 822 3232 spoliatis
854 3164 1113 3215 restituat
1155 3162 1501 3230 supradictis,
1550 3178 1758 3211 necnon
1790 3159 1936 3209 dicto
1988 3158 2118 3207 Her-

160 3244 232 3294 ἑό
281 3247 579 3298 secundum
634 3248 857 3298 modum
911 3246 1339 3297 determinatum
1394 3245 1447 3295 in
1500 3244 1616 3294 aliis
1671 3242 1868 3293 nostris
1922 3240 2116 3291 litteris

160 3324 483 3426 {pradictiu
511 3330 580 3382 ad
611 3330 665 3381 id
694 3348 819 3381 eum
849 3348 943 3397 per
972 3348 1255 3381 censuram
1285 3327 1706 3378 ecclesiasticam
1750 3323 2117 3390 appellatione

163 3410 435 3497 -tposita
462 3414 852 3479 compellendo.
886 3412 1007 3464 Non
1036 3414 1292 3463 obstante
1319 3411 1362 3461 si
1390 3410 1537 3460 dicto
1566 3409 1691 3459 duci
1719 3408 1803 3457 vel
1833 3406 2116 3472 quibusvis

165 3518 188 3534 ω
232 3531 236 3534 »
294 3496 656 3547 communiter
705 3497 790 3547 vel
839 3497 1055 3546 divisim
1106 3514 1136 3547 a
1188 3495 1322 3545 Sede
1372 3492 1671 3559 apostolica
1721 3490 1792 3540 sit
1839 3488 2116 3539 indultum

85 3607 89 3609 Δ
157 3573 278 3645 1·οᾶ
309 3578 768 3631 excommunicari
800 3581 954 3645 [etc.].
992 3606 1059 3614 -
1096 3578 1301 3628 Datum
1339 3575 1610 3635 Avinioni,
1647 3574 1767 3623 idus
1799 3569 2116 3631 decembris,

81 3709 87 3716 ,
162 3662 272 3711 1· ·0
307 3659 492 3712 torcio.
