2540 4354
434 369 505 427 84
839 392 1122 424 BULLAIRE
1164 391 1238 422 DE
1282 364 1697 431 L⁵1NQU181T10N
1742 387 2061 431 FRANQMSE

439 506 634 557 nobilis
666 525 778 556 non
811 505 1056 572 potuerit
1087 506 1174 555 vel
1206 503 1443 554 noluerit
1477 522 1602 553 cum
1635 501 1956 567 inquisitore
1989 502 2234 568 predicto
2282 521 2449 569 super

437 590 826 658 premissorum
859 589 1180 640 executione
1213 586 1571 654 personaliter
1602 586 1878 648 interesse,
1913 605 2010 636 vos
2043 588 2129 636 vel
2177 588 2313 637 alter
2357 606 2446 637 ve·

435 663 615 726 strum
639 676 757 725 loco
785 673 1061 725 diocesani
1086 672 1319 739 predicti
1345 683 1400 721 et
1425 682 1582 721 extra
1611 669 1864 721 civitates
1892 682 1946 720 et
1974 670 2211 722 dioceses
2238 683 2448 724 vestras

438 776 787 825 quacumque
831 756 1228 807 constitutione
1271 753 1544 804 contraria
1587 772 1698 803 non
1757 756 2014 804 obstante
2059 774 2183 804 cum
2223 755 2447 821 inquisi-

437 854 555 893 tore
590 843 804 908 prefato
837 842 927 892 illa
962 840 1160 906 exequi
1193 837 1494 905 procuretis
1530 857 1543 888 :
1579 839 1725 903 quod
1775 838 1819 888 si
1851 857 1961 888 non
1995 840 2157 889 ambo
2194 839 2294 890 hiis
2329 858 2448 890 exe·

438 926 668 992 quendis
709 924 1000 992 potueritis
1042 925 1129 973 vel
1170 922 1452 973 nolueritis
1509 921 1786 984 interesse,
1845 923 1983 972 alter
2037 934 2283 973 vestrum
2327 943 2448 988 cum

437 1010 759 1076 inquisitore
788 1009 1032 1076 predicto
1061 1027 1123 1058 ea
1153 1006 1538 1058 nichilominus
1583 1017 1890 1072 exequatur
1923 1026 1935 1057 ε
1964 1006 2041 1058 ita
2072 1019 2260 1058 tamen
2304 1010 2447 1074 quod

437 1078 480 1145 si
520 1114 617 1144 vos
659 1097 822 1145 ambo
863 1092 1023 1143 simul
1065 1090 1433 1158 processeritis
1477 1100 1600 1141 curn
1641 1092 1833 1141 eodem
1871 1092 1989 1142 loco
2032 1092 2192 1142 unius
2235 1111 2447 1144 censea-
2510 1117 2515 1122 ·

439 1177 572 1229 mini
603 1197 712 1228 non
745 1178 996 1228 duorum.
1033 1206 1101 1212 —-
1135 1178 1342 1226 Datum
1377 1186 1438 1225 ut
1471 1193 1653 1241 supra.

1306 1532 1612 1593 -48-

512 1697 671 1747 Ordre
703 1696 762 1747 de
795 1707 1022 1746 remeare
1054 1714 1161 1746 aux
1192 1696 1557 1746 destinalaires
1591 1698 1660 1746 les
1694 1697 1828 1746 deux
1861 1698 2024 1747 lettres
2043 1697 2133 1763 qui
2160 1698 2426 1763 precedent

445 1810 512 1838 -,-
536 1780 807 1846 Avignon,
835 1781 897 1831 13
923 1782 1231 1846 septembre
1258 1780 1409 1831 1323.

786 1916 892 1968 Reg.
923 1915 1038 1968 Vah,
1065 1922 1097 1956 t.
1128 1929 1241 1968 exn,
1268 1930 1310 1956 n.
1338 1916 1438 1968 496,
1464 1916 1569 1965 498;
1597 1916 1744 1970 Vidal,
1770 1931 1839 1970 op.
1868 1917 1955 1970 cic„
1981 1932 2024 1971 p.
2052 1918 2152 1959 427.

518 2036 762 2086 Johanni
788 2037 853 2086 de
883 2037 1175 2102 Arpadella
1204 2035 1242 2098 1,
1274 2037 1479 2086 decano
1512 2039 1829 2089 Xantonen.
1851 2039 2073 2088 —Cum
2102 2057 2263 2104 super
2291 2057 2448 2104 nego·

449 2120 523 2169 tio
555 2119 750 2170 nobilis
782 2119 885 2169 viri
916 2119 1184 2170 Johannis
1217 2119 1350 2170 dicti
1371 2120 1793 2187 Archiepiscopi,
1815 2121 2023 2171 domini
2042 2123 2106 2171 de
2129 2122 2450 2186 Pertiniaco,

449 2205 594 2270 quod
631 2223 814 2254 coram
849 2203 1047 2254 dilecto
1086 2204 1194 2254 filio
1231 2204 1492 2255 Mauricio
1529 2206 1594 2255 de
1632 2207 1833 2256 Sancto
1872 2208 2058 2268 Paulo,
2097 2207 2299 2258 ordinis
2348 2208 2451 2258 fra-

446 2299 595 2338 trum
636 2288 1061 2355 predicatorum,
1103 2288 1425 2354 inquisitore
1467 2289 1702 2339 heretice
1744 2290 2037 2356 pravitatis
2078 2291 2132 2341 in
2174 2291 2451 2357 provincia

444 2358 716 2423 Turonen.
751 2372 1084 2424 auctoritate
1118 2373 1421 2439 apostolica
1456 2375 1746 2440 deputato,
1779 2374 2018 2424 vertitur
2036 2386 2154 2426 tam
2174 2375 2452 2426 venerabi-

447 2456 588 2507 libus
639 2457 902 2508 fratribus
953 2457 1153 2508 nostris
1207 2459 1388 2519 Petro,
1442 2459 1830 2521 Atrabathen.,
1863 2470 1916 2508 et
1953 2462 2132 2522 Petro,
2180 2460 2452 2511 Vivarien.

445 2541 730 2608 episcopis,
767 2561 934 2608 quam
968 2542 1144 2592 eidem
1177 2542 1490 2608 inquisitori
1524 2554 1698 2593 certas
1731 2543 1944 2594 litteras
1992 2545 2324 2611 apostolicas
2366 2546 2453 2595 de-

444 2626 729 2688 stinemus,
760 2645 858 2676 nos
887 2627 1135 2677 volentes
1165 2626 1238 2677 eis
1268 2638 1323 2677 et
1350 2627 1595 2693 ipsorum
1626 2627 1849 2678 cuilibet
1868 2628 2129 2679 sicuttibi
2148 2629 2453 2694 diriguntur

443 2709 657 2761 litteras
701 2711 1017 2762 huiusmodi
1063 2711 1295 2762 fideliter
1328 2712 1647 2778 presentari,
1685 2712 1999 2763 discretioni
2041 2724 2202 2764 tue...
2231 2714 2452 2764 manda-

446 2814 566 2845 mus
613 2795 874 2861 quatinus
921 2796 1095 2847 dietas
1155 2796 1368 2847 litteras
1428 2796 1632 2847 eisdem
1692 2797 1959 2864 episcopis
2021 2797 2259 2864 singulas
2320 2816 2452 2864 quas

444 2879 753 2946 duplicatas
798 2880 1071 2931 mittimus
1152 2881 1375 2947 singulis
1418 2882 1674 2932 videlicet
1716 2894 1770 2932 et
1812 2883 2124 2949 inquisitori
2178 2903 2245 2934 ex
2300 2893 2451 2950 parte

443 2975 631 3015 nostra
663 2977 976 3031 presentare
1008 2984 1281 3032 procures.
1303 2996 1371 3002 —
1392 2967 1600 3017 Datum
1633 2967 1908 3030 Avinioni,
1942 2967 2062 3018 idus
2110 2966 2449 3035 septembris,

440 3067 585 3099 anno
612 3051 794 3101 V1110.

515 3205 724 3256 Eidem.
771 3236 840 3242 —
883 3207 1018 3257 Cum
1063 3217 1238 3257 certas
1282 3206 1495 3258 litteras
1517 3209 1668 3274 (eta).
1694 3209 1958 3259 Volumus
1978 3210 2448 3260 et...mandamus

443 3289 703 3354 quatinus
740 3290 879 3340 circa
915 3291 1382 3356 presentationem
1415 3291 1727 3343 litterarum
1762 3292 2077 3343 huiusmodi
2112 3293 2447 3360 diligentiam

442 3372 703 3424 adhibeas
753 3385 1112 3440 oportunam3
1163 3375 1259 3444 [et]
1289 3376 1354 3426 de
1381 3375 1470 3427 illa
1501 3376 1617 3426 fieri
1641 3375 1811 3427 facias
1838 3377 2112 3428 curialiter
2139 3389 2193 3427 et
2219 3367 2448 3444 prudenss

442 3466 524 3505 ter
566 3456 848 3522 publicum
888 3458 1339 3523 instrumentum,
1385 3461 1532 3526 quod
1583 3461 1739 3512 nobis
1793 3460 2066 3512 destinare
2123 3461 2447 3528 quantocius

441 3557 549 3589 non
587 3540 830 3593 omittas.
865 3573 933 3578 —
970 3537 1178 3594 Datum
1213 3544 1488 3607 Avinioni,
1525 3556 1587 3595 ut
1621 3564 1801 3611 supra.

493 3720 533 3762 1.
568 3722 683 3763 Jean
715 3724 1016 3778 d’Arpadelle,
1049 3726 1237 3766 doeteur
1268 3728 1312 3766 es
1347 3725 1442 3779 lois,
1476 3726 1715 3780 chapelain
1747 3728 1809 3768 du
1842 3742 1974 3782 pape,
2008 3729 2198 3770 d'abord
2231 3729 2444 3771 chanoine

436 3788 491 3831 de
519 3789 662 3841 Paris3
705 3794 853 3847 doyen
878 3793 933 3835 de
959 3792 1148 3847 Saintes,
1176 3795 1216 3836 le
1241 3795 1294 3836 23
1321 3795 1411 3837 mai
1438 3795 1570 3845 1323;
1616 3797 1778 3850 prevot
1804 3797 1858 3838 de
1885 3794 2051 3851 Sussey
2077 3797 2189 3840 dans
2215 3799 2253 3840 le
2279 3798 2447 3841 diocese
