2540 4354
960 393 1106 428 suu
1137 394 1263 429 xxn
2005 378 2104 430 107

208 516 362 561 otus
396 504 538 559 filiu·
572 502 860 559 Mauricius
893 504 960 555 de
993 504 1193 556 Sancto
1215 506 1399 567 Paulo,
1435 505 1636 557 ordinis
1682 506 2100 573 predicatorum,

242 588 416 640 ‘itor
448 586 680 641 heretice
714 586 1004 654 pravitatis
1037 587 1092 639 in
1126 605 1288 654 regno
1327 589 1547 640 Francie
1598 589 1924 639 auctoritate
1974 608 2104 656 apo.

125 694 157 715 ·-
193 672 315 731 lisa
353 671 670 738 deputatus,
711 679 900 721 contra
940 670 1176 722 nobilem
1231 671 1409 722 virum
1467 673 1774 723 Johannem
1830 672 2102 738 Archiepi-

133 754 153 770 ⁹
197 754 290 823 φὶ,
325 752 608 809 dominum
644 752 710 804 de
749 751 1073 814 Partiniaco,
1115 753 1394 807 Pictaven.
1431 753 1673 815 diocesis,
1726 772 1886 819 super
1936 755 2094 806 certis

152 852 156 854 ’
215 836 364 889 ‘culis
394 834 749 903 sapientibus,
782 845 846 887 ut
877 835 990 901 ipse
1022 835 1311 901 inquisitor
1342 837 1576 898 dicebat,
1611 836 1945 903 pravitatem
1976 855 2100 888 ean-

128 918 142 936 ‘'
158 935 265 983 m,
289 935 358 972 ex
379 917 553 972 officio
578 936 674 970 suo
698 917 965 984 inquirere
990 918 1279 984 incepisset
1303 930 1359 969 et
1383 921 1546 971 vellet
1572 920 1796 970 ulterius
1813 919 1868 970 in
1886 921 2102 985 negotio

141 1042 145 1046 Α
178 1001 484 1057 uisitionis
516 1000 829 1054 huiusmodi
861 1001 1147 1067 procedere
1182 1013 1370 1053 contra
1405 1021 1555 1064 eum3
1591 1013 1708 1054 tam
1740 1002 1852 1068 ipse
1887 1003 2102 1065 nobilis,

40 1140 46 1150 ,
251 1084 528 1142 occasione
565 1083 875 1136 huiusmodi
910 1094 1104 1150 captus
1139 1085 1337 1135 ductus
1376 1085 1609 1137 Parisius
1646 1086 1840 1146 fuerat,
1878 1093 1933 1135 et
1968 1085 2102 1137 inibi

192 1196 196 1206 =
233 1177 378 1222 ntus
401 1167 456 1222 in
483 1166 729 1219 custodia
757 1167 1025 1229 carcerali,
1055 1186 1220 1233 quam
1246 1169 1490 1219 nonnulli
1516 1168 1900 1233 consanguinei
1933 1168 2099 1234 ipsius

146 1263 154 1268 ”
194 1251 322 1307 bili·
342 1250 576 1303 eundem
596 1249 974 1316 inquisitorem
996 1267 1064 1301 ex
1086 1250 1244 1301 certis
1268 1251 1441 1301 causis
1465 1261 1776 1317 suspectum
1821 1252 2101 1312 habentes,

131 1327 168 1398 J}
210 1351 408 1401 umque
439 1343 726 1400 propterea
755 1343 1082 1394 recusantes,
1116 1335 1185 1385 ab
1215 1351 1277 1383 eo
1309 1335 1375 1385 ad
1398 1334 1589 1384 Sedem
1616 1335 1959 1400 appellarunt
1976 1353 2099 1384 ean-

118 1469 124 1476 ,
149 1408 171 1429 ³
195 1434 269 1473 m.
299 1417 377 1470 Ac
405 1434 528 1471 ven.
561 1416 729 1470 frater
758 1425 941 1467 noster
970 1416 1027 1469 ³..
1059 1416 1341 1483 episcopus
1365 1417 1617 1469 parisien.
1638 1428 1762 1482 post
1780 1417 2095 1483 appellatio-

41 1490 43 1493 *
126 1515 130 1517 “
156 1501 161 1507 ”
196 1518 252 1552 m
274 1498 601 1561 huiusmodi,
629 1499 957 1565 quandoque
985 1517 1080 1566 per
1104 1518 1175 1560 se,
1204 1518 1265 1551 ac
1283 1500 1556 1550 interdum
1576 1518 1668 1565 per
1686 1501 1816 1550 alios
1853 1518 1920 1551 ex
1953 1511 2101 1565 pote·

123 1593 143 1650 j
183 1595 186 1598 ’
217 1591 273 1634 te
298 1581 585 1644 ordinaria,
614 1599 781 1648 quam
807 1581 863 1632 in
886 1582 1067 1648 ipsum
1094 1582 1331 1634 nobilem
1356 1593 1487 1633 tunc
1509 1582 1740 1633 Parisius
1759 1593 1820 1632 ut
1838 1582 2104 1648 prefertur

197 1674 414 1723 tontum
449 1683 504 1718 se
541 1682 704 1732 super
740 1664 841 1717 hiis
879 1666 1075 1716 habere
1114 1664 1348 1727 dicebat,
1388 1676 1575 1716 contra
1613 1683 1737 1716 eum
1788 1666 1931 1731 cepit
1982 1684 2104 1716 cum

245 1765 277 1800 o
320 1747 642 1815 inquisitore
687 1748 974 1815 procedere
1021 1766 1181 1814 super
1226 1748 1465 1799 articulis
1513 1749 1806 1814 prelibatis.
1859 1749 1929 1799 Et
1988 1759 2103 1799 tam

58 1876 63 1883 .
196 1887 198 1889 ,
237 1830 369 1884 ·icto
404 1830 574 1883 nobili
607 1831 739 1885 dum
772 1830 846 1883 sic
880 1830 1214 1883 detineretur
1248 1850 1412 1898 quam
1447 1832 1646 1882 eisdem
1696 1831 2104 1898 consanguineis

55 1907 59 1910 ’
127 1913 565 1982 oponontibus
613 1923 787 1964 certas
836 1932 1025 1966 causas
1072 1925 1295 1981 propter
1343 1934 1477 1980 quas
1526 1917 1838 1966 asserebant
1876 1915 2105 1964 eundem

195 1996 442 2064 iscopum
470 1996 525 2053 id
558 1997 624 2048 de
655 1998 769 2051 iure
802 2015 909 2048 non
942 2015 1095 2063 posse
1114 1998 1286 2049 facere
1304 2017 1400 2048 nec
1434 2000 1654 2059 debere3
1674 2017 1734 2047 ac
1767 2015 1860 2064 per
1889 1998 2103 2048 eosdem

6 2108 9 2117 ·
45 2109 78 2151 ‘.
119 2080 162 2112 -”
203 2079 366 2139 bilem
408 2090 464 2132 et
508 2081 934 2148 consanguineos
978 2081 1307 2147 quibusdam
1358 2082 1819 2148 appellationibus
1876 2081 2098 2147 proinde

98 2195 168 2227 ⁷-
204 2164 427 2218 Sedem
481 2164 656 2231 ipsam
714 2163 937 2226 emissis,
985 2163 1181 2229 quibus
1226 2164 1403 2215 dictus
1450 2164 1737 2231 inquisitor
1782 2182 1888 2214 non
1934 2164 2098 2213 duxe-

134 2308 138 2312 q
239 2246 612 2309 delorendum,
642 2247 735 2298 sed
766 2257 954 2298 contra
985 2248 1217 2298 eundem
1248 2247 1483 2298 nobilem
1514 2247 1891 2298 nichilominus
1923 2264 2102 2313 proce-

70 2337 77 2347 *
201 2329 324 2392 δαὶς
373 2345 471 2381 nos
504 2330 570 2380 de
603 2330 834 2381 fratrum
869 2340 1178 2381 nostrorum
1212 2330 1431 2381 consilio
1465 2330 1639 2380 eidem
1672 2329 1977 2395 inquisitori
2011 2347 2103 2394 per

68 2401 75 2434 7
230 2436 261 2454 ¹-
285 2428 343 2465 a·
372 2411 513 2470 inter
543 2423 720 2465 cetera
751 2413 961 2464 litteras
994 2412 1249 2464 duximus
1281 2413 1671 2478 iniungendum
1705 2424 1765 2462 ut
1797 2431 1956 2478 super
1989 2429 2102 2477 pre-

145 2482 150 2487 *
209 2529 214 2531 ν
250 2493 263 2506 ’
313 2494 416 2548 nisi
437 2506 634 2547 vocato
659 2496 944 2547 diocesano
970 2514 1317 2562 nequaquam
1343 2498 1672 2562 procederet,
1698 2506 1752 2545 et
1770 2515 1831 2546 eo
1849 2495 2102 2545 interesse

184 2628 186 2630 ,
236 2586 346 2631 «uto
374 2578 463 2635 vel
491 2597 600 2631 non
631 2579 866 2640 valente,
900 2590 962 2629 ut
993 2597 1152 2645 super
1183 2579 1384 2630 eisdem
1418 2598 1524 2630 una
1557 2583 1679 2630 cum
1705 2598 1827 2632 ven.
1848 2578 2105 2628 fratribus

0 2680 1 2693 ¹
68 2665 82 2678 '*
139 2659 156 2719 ¹.
228 2687 233 2695 ·
283 2659 296 2672 ⁰
347 2662 836 2724 Petro,Carnoten.
876 2663 914 2723 ⁴,
951 2672 1082 2712 tunc
1118 2663 1454 2723 Atrebatem,
1491 2673 1545 2711 et
1584 2664 1760 2722 Petro,
1798 2660 2107 2712 Autisiodo-

0 2746 1 2751 ’
72 2744 81 2796 s
205 2779 241 2797 .
273 2742 313 2807 ⁸,
342 2753 474 2801 tuno
507 2744 777 2799 Vivarien.
809 2744 1089 2811 episcopis,
1124 2763 1257 2810 quos
1387 2745 1441 2795 in
1458 2744 1819 2810 locumipsius
1836 2741 2105 2793 diocesani

0 2847 2 2889 j
73 2858 89 2888 ‚,.-
154 2832 177 2890 'J
216 2826 609 2893 ossavimus...
658 2828 943 2894 procedere
992 2839 1304 2893 procuraret
1349 2828 1386 2879 ⁶.
1439 2830 1635 2878 Verum
1698 2826 1824 2892 quia
1885 2833 2106 2893 propter

0 2900 5 2921 ⁵
70 2935 75 2937 ’
194 2941 196 2945 ’
229 2925 345 2966 οισι
385 2910 656 2964 domicilia
698 2929 802 2977 que
844 2911 957 2977 ipse
1001 2910 1192 2961 nobilis
1234 2910 1289 2960 in
1330 2910 1553 2960 diversis
1595 2909 1723 2960 locis
1781 2910 2105 2959 noscebatur

0 3047 5 3071 ÷
68 3061 71 3063 ‚
191 2996 196 3002 ’
269 3000 296 3043 t
317 2992 558 3046 noscitur
582 2993 824 3046 obtinere
852 2993 970 3059 quis
996 2993 1108 3043 eius
1135 2993 1450 3044 diocesanus
1478 2993 1616 3043 soret
1643 3002 1859 3058 poterat
1885 2990 2103 3041 hesitari

0 3132 5 3142 ,
70 3075 81 3131 ζ·
133 3062 183 3130 .-
213 3100 216 3103 ·
302 3073 480 3130 bilitsr
519 3086 575 3127 ot
614 3076 893 3142 negotium
935 3076 1244 3127 huiusmodi
1286 3094 1394 3127 non
1435 3078 1638 3140 absque
1683 3080 1826 3126 m'ore
1869 3074 2102 3139 periculo

0 3147 5 3154 ¹
72 3150 77 3158 f
292 3156 413 3219 ari,
444 3174 542 3211 nos
574 3160 927 3226 postmodum
959 3169 1076 3210 tam
1110 3159 1397 3216 Carnoten.
1447 3169 1502 3208 et
1550 3158 1947 3210 Autisiodoren.
1996 3155 2103 3220 epi-

69 3275 79 3287 ·
169 3230 185 3254 ⁷
210 3236 312 3306 &pis
341 3257 507 3306 quam
534 3240 842 3308 inquisitori
873 3242 1097 3308 prefatis
1129 3259 1222 3307 per
1252 3241 1383 3292 alias
1403 3251 1614 3291 nostras
1633 3239 1878 3293 dedimus
1895 3238 2103 3289 litteras

174 3321 481 3388 [mudatis
502 3334 566 3375 ut
585 3323 691 3391 ipsi
710 3325 997 3379 Carnoten.
1021 3334 1075 3373 et
1095 3324 1494 3376 Autisiodoren.
1513 3323 1767 3389 episcopi,
1800 3322 1886 3372 vel
1916 3339 2100 3371 eorum

144 3451 192 3469 „
232 3428 248 3443 Λ
285 3421 392 3456 una
414 3422 538 3461 cum
554 3407 744 3458 eodem
761 3406 1095 3473 inquisitore,
1117 3406 1248 3457 dicti
1267 3406 1457 3457 nobilis
1476 3405 1779 3470 irrequisito
1798 3403 2102 3464 diocesano,

141 3482 163 3563 k*
195 3544 197 3546 ,
222 3483 236 3496 ’
264 3496 391 3541 ante
422 3489 881 3555 presentationem
909 3489 1219 3539 litterarum
1251 3489 1491 3554 ipsarum
1522 3488 1722 3538 eisdem
1741 3488 2027 3539 Carnoten.
2045 3495 2099 3535 et

87 3570 114 3642 j
135 3624 148 3643 Α.
252 3564 266 3579 “
296 3567 536 3626 indm-en.
570 3571 833 3638 episcopis
869 3589 932 3623 ac
950 3571 1258 3637 inquisitori
1276 3571 1604 3621 directarum
1635 3580 1766 3620 tunc
1799 3568 2102 3619 faciendam

92 3707 130 3728 ,
196 3670 246 3691 “·-“
290 3659 325 3706 ,t
359 3650 503 3709 idem
539 3653 855 3708 diocesanus
893 3671 1053 3720 super
1091 3653 1191 3705 hiis
1230 3653 1456 3704 forsitan
1493 3651 1799 3717 requisitus,
1851 3651 1989 3701 iuste
2041 3667 2102 3700 ac

101 3741 166 3810 1]
230 3740 347 3793 lun
386 3734 444 3791 ἰιι
507 3737 722 3804 negotio
781 3737 896 3806 ipso
951 3737 1319 3803 procederent,
1382 3737 1607 3789 aliarum
1654 3735 1959 3785 litterarum
2010 3750 2102 3783 no·

95 3896 115 3914 ³.-

102 3889 119 3896 -
129 3866 156 3910 Q<

103 3904 151 3994 ἑῇ»

103 4060 143 4115 ’ζῆ

100 4116 154 4157 .

92 4176 108 4214 ,ς
118 4205 132 4213 ἦ
