2540 4354
405 369 471 421 92
795 390 1081 422 BULLAIRE
1125 392 1199 422 DE
1243 373 1662 434 L’1Nou1s1T10N
1707 390 2034 434 FRANQAISE

411 505 533 564 idem¹
550 504 791 558 inquisitor
810 504 855 545 in
876 505 1086 546 manibus
1108 506 1309 547 eiusdem
1328 506 1542 548 advocati
1563 520 1608 547 se
1630 520 1734 547 cum
1755 506 1913 546 eodem
1931 505 2160 547 Bernardo
2182 519 2285 546 cum
2306 505 2428 547 facili

409 574 660 629 penitentia
688 589 768 630 per
795 576 988 617 eundem
1015 576 1329 630 inquisitorem
1356 578 1415 618 ad
1443 575 1748 630 cognitionem
1773 575 1884 617 dicti
1911 575 2126 617 advocati
2150 576 2424 630 imponenda

407 646 553 686 eidem
584 659 720 701 super
751 645 835 694 hiis
868 646 1142 700 dispensare,
1175 647 1212 687 si
1244 647 1470 701 predictos
1503 646 1798 687 confiteretur
1829 660 2016 695 errores3
2052 645 2267 700 alioquin,
2307 645 2424 704 sieut

412 716 529 757 idern
557 715 798 769 inquisitor
825 716 1127 757 comminatus
1158 716 1262 769 fuit,
1307 717 1455 757 dictus
1500 717 1755 757 Bernardus
1809 730 2047 769 nunquam
2089 716 2356 756 liberaretur
2399 729 2423 756 a

410 799 600 838 carcere,
625 786 703 826 sed
730 785 825 839 ipse
851 786 1092 839 inquisitor
1119 800 1222 827 eum
1248 787 1418 827 tociens
1446 794 1692 840 exponeret
1734 786 2046 840 questionibus
2089 794 2135 827 et
2170 785 2426 839 tormentis,

407 856 531 910 quod
561 857 656 910 ipse
685 854 942 909 inquisitor,
973 857 1109 898 vellet
1139 865 1222 898 aut
1252 857 1393 898 nollet
1422 857 1572 898 dictus
1601 857 1874 912 Bernardus,
1891 864 2182 910 extorqueret
2199 863 2427 910 quantum

409 928 545 969 vellet
573 941 629 968 ex
658 941 732 967 ore
759 926 900 980 ipsius
928 928 1165 977 Bernardi;
1196 942 1372 969 necnon
1399 928 1604 982 prefatus
1631 927 1874 981 inquisitor
1909 928 2103 969 eundem
2143 928 2425 970 Bernardum

404 998 466 1040 sic
496 1012 600 1039 eum
628 997 871 1040 detinendo
901 998 1140 1052 captivum
1167 999 1346 1052 publice
1374 999 1697 1053 proclamando
1727 1012 1807 1052 per
1835 998 2040 1039 ecclesias
2069 998 2115 1038 in
2144 998 2425 1041 sermonibus

405 1068 513 1109 fecit
532 1069 577 1109 in
597 1069 680 1109 illis
702 1069 908 1123 partibus
928 1083 1063 1123 super
1081 1069 1214 1110 dietis
1235 1069 1457 1110 erroribus
1477 1068 1677 1110 indebite
1697 1069 1936 1110 diffamari.
1960 1070 2150 1122 Propter
2169 1082 2256 1122 que
2276 1068 2424 1110 dictus

406 1140 660 1180 Bernardus
695 1126 890 1180 sentiens
926 1140 983 1180 ab
1019 1141 1177 1182 eodem
1210 1139 1476 1193 inquisitore
1511 1140 1782 1194 procedente
1816 1147 1974 1181 contra
2008 1140 2159 1193 ipsum
2192 1138 2344 1192 inique
2379 1147 2425 1180 et

403 1209 573 1262 injuste
598 1224 650 1250 ac
675 1224 729 1251 ex
755 1210 857 1250 odio
882 1209 1081 1250 indebite
1106 1224 1152 1251 se
1177 1210 1355 1263 gravari
1380 1211 1437 1251 ad
1464 1211 1556 1251 Nos
1582 1217 1627 1255 et
1652 1210 1814 1251 Sedem
1837 1209 2134 1264 apostolicam
2159 1209 2423 1263 appellavit.

406 1279 625 1331 Quocirca
659 1279 935 1321 fraternitati
970 1288 1102 1322 tue...
1141 1281 1468 1322 committimus
1504 1289 1550 1321 et
1583 1281 1853 1321 mandamus
1888 1280 2104 1334 quatinus
2140 1279 2313 1321 vocatis
2348 1280 2426 1333 qui

404 1350 575 1391 fuerint
596 1351 816 1392 evocandi
838 1358 884 1391 et
905 1350 1072 1392 auditis
1095 1351 1199 1392 hinc
1221 1351 1325 1392 inde
1347 1351 1606 1405 propositis,
1629 1352 1752 1404 quod
1773 1350 1947 1391 iustum
1967 1350 2104 1391 fuerit
2121 1349 2425 1404 appellatione

403 1428 577 1462 remota
608 1422 835 1473 decernas,
865 1420 1033 1462 faciens
1065 1423 1187 1475 quod
1218 1422 1466 1463 decreveris
1497 1436 1576 1476 per
1606 1435 1842 1462 censuram
1872 1421 2219 1462 ecclesiasticam
2239 1420 2426 1460 firmiter

408 1491 695 1534 observari...
720 1515 781 1520 —
805 1493 979 1533 Datum
1002 1492 1231 1545 Avinioni,
1258 1508 1290 1533 x
1315 1493 1532 1534 kalendas
1557 1492 1840 1546 septembris,
1866 1506 1985 1532 anno
2011 1499 2189 1546 quarto.
2226 1508 2242 1528 »

459 1563 501 1603 3.
534 1562 651 1603 Jean
678 1563 733 1603 de
760 1563 962 1612 Beaune3
994 1563 1092 1604 voir
1119 1577 1163 1617 p.
1193 1565 1263 1616 47,
1292 1571 1399 1604 note
1428 1568 1468 1607 2.

463 1634 503 1673 4.
538 1633 806 1680 Montaillou
840 1633 1048 1687 (Ariege),
1078 1642 1198 1675 eant.
1231 1635 1685 1688 d'Ax-les-Thermes,
1711 1636 1889 1676 arrond.
1921 1635 1976 1676 de
2007 1634 2133 1675 Foix.

416 1718 419 1722 ¹
463 1706 503 1746 5.
536 1704 762 1744 Tarascon
798 1703 1005 1757 (Ariege),
1039 1705 1250 1745 chef-lieu
1280 1706 1336 1746 de
1367 1713 1504 1758 cant.,
1537 1707 1715 1746 arrond.
1748 1707 1803 1747 de
1836 1705 1963 1747 Foix.

468 1775 508 1816 6.
542 1775 626 1815 Les
654 1774 789 1816 freres
819 1775 936 1815 Jean
965 1782 1011 1815 et
1041 1775 1187 1816 Pierre
1217 1776 1394 1829 Maury,
1425 1777 1624 1828 Mathea,
1653 1776 1833 1828 femme,
1863 1783 1909 1816 et
1927 1776 2143 1830 ⁴Esperte,
2171 1775 2426 1816 belle-mere

408 1846 471 1887 du
495 1844 702 1899 premier,
727 1845 912 1886 avaient
937 1847 1085 1899 quitte
1109 1846 1149 1887 le
1174 1860 1288 1900 pays
1314 1847 1369 1887 de
1395 1844 1508 1887 Foix
1533 1854 1579 1887 et
1603 1847 1669 1886 fui
1695 1861 1749 1887 en
1774 1846 2019 1900 Catalogne
2044 1848 2070 1887 3
2094 1846 2137 1887 13
2162 1846 2279 1887 suite
2304 1847 2358 1886 de
2382 1846 2422 1886 la

406 1923 595 1970 capture
615 1917 692 1956 des
712 1915 982 1970 principaux
1002 1915 1227 1957 ministres
1248 1917 1454 1958 cathares
1475 1931 1557 1971 par
1577 1918 1776 1958 Bernard
1797 1917 1898 1958 Gui.
1918 1916 2140 1958 C’etaient
2157 1917 2212 1957 de
2229 1929 2423 1970 pauvres

408 1987 586 2039 bergers
614 1986 708 2039 qui,
735 1987 848 2027 dans
875 1986 1011 2038 l'exil,
1040 1986 1356 2027 continuerent
1373 1988 1399 2027 a
1417 2001 1596 2028 exereer
1621 1988 1718 2028 leur
1743 1988 1928 2028 humble
1956 1987 2219 2041 profession,
2250 1999 2425 2027 comme

403 2057 525 2098 aussi
545 2058 571 2096 a
591 2056 825 2110 pratiquer
843 2057 886 2098 13
905 2057 1091 2110 religion
1110 2058 1310 2110 cathare,
1330 2071 1434 2098 sous
1453 2058 1498 2099 la
1517 2058 1730 2099 conduite
1750 2058 1861 2099 d'un
1879 2057 2060 2112 parsait,
2080 2057 2235 2111 fugitis
2253 2070 2429 2098 comme

404 2140 510 2178 eux,
536 2126 730 2167 Guillem
752 2126 992 2168 Belibaste.
1023 2127 1081 2167 Ils
1105 2126 1260 2168 furent
1283 2128 1552 2169 decouverts
1577 2142 1660 2181 par
1683 2128 1871 2169 Arnaud
1897 2127 2033 2180 Sicre,
2059 2127 2214 2181 espion
2239 2127 2294 2168 de
2317 2127 2428 2167 l'In-

405 2196 637 2250 quisition.
663 2196 890 2238 Belibaste
914 2197 988 2238 fut
1012 2197 1116 2243 saisi
1142 2197 1352 2246 d’abord3
1381 2197 1482 2252 puis
1509 2212 1556 2238 ce
1582 2198 1656 2238 fut
1679 2198 1720 2238 le
1745 2205 1851 2238 tour
1875 2198 1930 2239 de
1957 2197 2104 2238 Pierre
2130 2198 2308 2250 Maury,
2334 2196 2425 2251 pris

405 2268 432 2307 3
461 2267 559 2307 Flix
590 2267 734 2320 (prov.
763 2268 818 2308 de
845 2267 1135 2321 Tarragone),
1162 2269 1239 2309 des
1266 2269 1387 2309 deux
1414 2268 1599 2309 femmes
1629 2276 1675 2309 et
1701 2269 1756 2309 de
1783 2268 1900 2309 Jean
1926 2268 2089 2321 Maury
2115 2268 2426 2321 apprehendes

410 2339 436 2378 3
472 2337 790 2378 Casteldazens
829 2337 972 2392 (prov.
1009 2339 1064 2379 de
1099 2338 1296 2391 Lerida),
1331 2352 1386 2379 en
1419 2339 1510 2379 mai
1545 2340 1672 2379 1323.
1709 2339 1792 2379 Les
1828 2346 1990 2392 quatre
2024 2337 2219 2379 derniers
2270 2338 2422 2379 iurent

411 2408 543 2448 remis
574 2410 601 2449 a
631 2408 934 2461 l’inquisiteur
965 2409 1194 2461 d'Aragon
1226 2416 1272 2449 ct
1303 2409 1546 2450 incarceres
1579 2411 1605 2449 3
1637 2409 1812 2449 Lerida.
1846 2408 2101 2450 Guillaume
2133 2408 2284 2460 Costa,
2315 2408 2424 2448 lieu-

410 2486 571 2519 tenant
598 2479 652 2519 de
679 2478 996 2531 l’inquisiteur‚
1025 2479 1087 2519 les
1115 2479 1382 2532 interrogea,
1411 2480 1472 2520 les
1500 2480 1554 2519 14
1583 2487 1629 2520 et
1656 2480 1709 2520 15
1738 2479 1842 2520 mai.
1872 2480 2071 2519 Bernard
2089 2479 2144 2519 de
2163 2478 2421 2531 Puigcertos

409 2549 471 2589 les
496 2549 705 2590 examina
728 2549 973 2603 lui-meme,
998 2549 1111 2591 ainsi
1135 2564 1222 2604 que
1245 2551 1451 2603 l'eveque
1475 2551 1530 2591 de
1553 2549 1730 2602 Lerida,
1754 2563 1810 2590 en
1833 2549 1994 2602 juillet,
2019 2550 2144 2602 aeut,
2168 2549 2421 2603 septembre

410 2627 456 2660 et
483 2620 717 2661 decembre
744 2620 966 2661 suivants.
996 2621 1080 2661 Les
1108 2620 1298 2662 dossiers
1326 2622 1382 2662 de
1410 2635 1480 2662 ces
1508 2620 1747 2662 audience's
1774 2620 1929 2662 iurent
1955 2620 2056 2674 plus
2084 2621 2188 2660 tard
2213 2618 2422 2660 transmis

407 2692 433 2731 a
463 2691 668 2744 l’eveque
696 2691 752 2732 de
783 2690 995 2743 Pamiers,
1027 2691 1104 2744 qui
1133 2691 1195 2731 les
1228 2691 1282 2732 fit
1309 2691 1548 2732 transcrire
1578 2706 1632 2732 en
1662 2694 1755 2732 tete
1784 2692 1861 2732 des
1891 2694 2046 2745 proces
2076 2691 2131 2731 de
2161 2690 2276 2731 Jean
2306 2697 2351 2730 et
2367 2690 2423 2730 (10

411 2762 559 2802 Pierre
580 2761 756 2814 Maury.
780 2762 861 2802 Ms.
885 2762 1007 2814 Vat.,
1029 2761 1109 2802 lat.
1135 2763 1265 2814 4030,
1286 2761 1363 2803 fol.
1389 2763 1471 2803 209
1496 2762 1652 2803 v0-213
1677 2766 1744 2814 v0,
1767 2762 1956 2802 247-248
1980 2765 2045 2801 v0.
2066 2761 2104 2801 A
2125 2761 2169 2801 la
2191 2760 2333 2814 priere
2367 2760 2422 2800 de
2469 2812 2475 2816 ἡ
2507 2811 2515 2815 ,

408 2833 526 2874 Jean
558 2833 613 2873 de
645 2833 843 2884 Beaune,
875 2832 1147 2886 inquisiteur
1178 2834 1233 2874 de
1267 2833 1584 2885 Carcassonne,
1618 2833 1657 2873 le
1691 2847 1808 2886 pape
1840 2833 1969 2882 lanea
2002 2832 2165 2872 l'ordre
2190 2832 2419 2883 ci-dessus,

409 2904 449 2945 le
480 2905 505 2945 8
538 2903 784 2944 novembre
814 2904 942 2944 1323.
979 2903 1015 2943 Il
1047 2903 1184 2944 visait
1214 2911 1398 2944 surtout
1428 2904 1490 2944 les
1522 2904 1642 2944 deux
1674 2903 1809 2944 freres
1841 2903 2020 2956 Maury,
2052 2902 2345 2955 susceptibles
2365 2902 2420 2942 de

407 2974 518 3014 faire
560 2975 636 3014 des
678 2973 950 3014 revelations
991 2973 1308 3028 importanteS,
1351 2981 1397 3014 et
1439 2974 1665 3015 d'ailleurs
1707 2973 2122 3028 particulierement
2151 2971 2418 3026 compromis

409 3045 522 3084 dans
547 3043 764 3085 l'heresie.
797 3044 984 3097 Esperte
1010 3051 1057 3085 et
1082 3045 1267 3085 Mathea
1293 3044 1546 3099 pouvaient
1571 3045 1596 3084 a
1622 3045 1665 3085 la
1689 3043 1872 3097 rigueur
1897 3045 1991 3084 &tre
2015 3043 2168 3096 jugees
2196 3057 2250 3083 en
2291 3042 2423 3083 Cata-

405 3114 556 3166 logne,
582 3115 638 3154 οὺ
665 3114 694 3154 il
719 3114 930 3155 semblait
955 3115 1139 3167 qu'elles
1165 3122 1348 3156 eussent
1371 3114 1556 3155 commis
1581 3115 1698 3155 leurs
1716 3114 1865 3155 fautes
1882 3114 1944 3154 les
1964 3114 2065 3168 plus
2084 3127 2256 3165 graves,
2279 3113 2422 3153 Effec-

407 3185 648 3233 tivement‚
679 3185 991 3226 l’extradition
1022 3187 1173 3239 parait
1202 3185 1380 3226 n’avoir
1409 3199 1465 3225 eu
1496 3185 1585 3225 lieu
1616 3198 1704 3238 que
1734 3198 1849 3238 pour
1878 3184 1995 3224 Jean
2014 3191 2059 3224 et
2078 3183 2224 3224 Pierre
2243 3183 2418 3235 Maury.

412 3254 564 3295 Remis
594 3255 620 3294 3
650 3255 677 3294 J
682 3268 846 3308 aeques
878 3253 1110 3303 Fournier,
1129 3269 1199 3295 ces
1218 3256 1337 3296 deux
1357 3254 1613 3308 heretiques
1631 3261 1952 3308 comparurent
1971 3254 2143 3294 devant
2167 3252 2230 3294 lui
2257 3254 2424 3294 durant

407 3325 470 3365 les
499 3324 612 3366 mois
630 3326 684 3366 de
713 3324 890 3377 sevrier,
919 3324 1015 3378 juin
1046 3333 1091 3365 et
1119 3326 1230 3366 aofit
1256 3326 1384 3366 1324.

466 3395 530 3436 La
562 3395 818 3449 deposition
849 3397 904 3436 de
938 3396 1084 3436 Pierre
1116 3396 1278 3449 Maury
1310 3404 1379 3436 est
1410 3396 1824 3450 particulierement
1854 3395 2017 3448 longue
2049 3402 2095 3436 et
2126 3395 2341 3443 curiense,
2366 3407 2420 3434 en

408 3479 457 3508 ee
478 3466 554 3518 qui
578 3479 792 3506 concerne
812 3466 856 3506 la
877 3466 1080 3507 doctrine
1102 3473 1147 3506 et
1167 3466 1211 3507 la
1233 3466 1303 3506 vie
1325 3467 1401 3507 des
1423 3466 1619 3507 derniers
1640 3466 1864 3506 ministres
1887 3466 2107 3506 cathares.
2133 3466 2226 3506 Elle
2248 3464 2418 3506 s'etend

407 3537 470 3577 (lu
493 3536 568 3576 fol.
595 3537 677 3576 249
701 3550 760 3576 au
782 3536 858 3576 fol.
884 3537 967 3577 274
992 3540 1059 3588 v0,
1082 3537 1144 3577 du
1167 3551 1248 3578 ms.
1275 3538 1390 3579 4030
1412 3536 1558 3578 Vatic.
1582 3536 1712 3588 latin,
1736 3543 1781 3576 et
1803 3549 1848 3576 se
1871 3535 2060 3576 termine
2084 3550 2166 3590 par
2187 3550 2274 3576 une
2312 3533 2419 3575 serie

407 3606 461 3647 de
489 3606 838 3647 soixante-deux
865 3606 1169 3660 propositions
1197 3608 1399 3648 erronees
1427 3607 1671 3660 professees
1698 3620 1781 3660 par
1806 3605 1998 3647 l’aceuse
2026 3620 2085 3646 ou
2111 3620 2193 3659 par
2219 3606 2280 3646 les
2298 3604 2418 3646 chefs

408 3677 463 3716 de
492 3677 533 3716 la
561 3683 694 3716 seete.
724 3676 789 3717 La
816 3676 1060 3728 confession
1087 3677 1142 3717 de
1170 3677 1287 3717 Jean
1315 3677 1477 3730 Maury
1505 3677 1636 3729 tient,
1665 3677 1778 3717 dans
1804 3676 1844 3716 le
1871 3678 2016 3716 meme
2034 3676 2234 3728 registre,
2253 3677 2315 3716 du
2341 3674 2416 3715 fol.

407 3746 490 3786 213
513 3750 563 3786 v⁰
582 3759 642 3786 au
660 3745 736 3786 fol.
758 3747 855 3786 224.
877 3746 960 3786 Les
979 3747 1099 3787 deux
1119 3747 1253 3787 freres
1273 3747 1426 3787 iurent
1444 3748 1733 3798 condamnes,
1751 3746 1791 3786 le
1810 3747 1864 3786 ’12
1885 3747 1995 3786 aofit
2013 3747 2142 3797 1324,
2162 3747 2186 3785 :⁸1
2206 3747 2248 3786 la
2268 3745 2415 3799 prison

406 3815 694 3870 perpetuelle.
727 3817 862 3868 Doat,
891 3823 924 3856 t.
954 3831 1127 3869 xxvm,
1156 3817 1230 3859 fol.
1262 3819 1330 3859 66.
1361 3818 1477 3860 Leur
1505 3831 1578 3860 cas
1607 3816 1734 3861 avait
1762 3818 1831 3856 ete
1860 3816 2025 3861 soumis
2055 3831 2112 3856 au
2142 3815 2365 3876 prealable
2392 3815 2427 3855 a·

2087 3914 2108 3931 Ο
