2540 4354
416 379 515 430 422
804 394 1089 426 nuruum:
1132 394 1207 426 DE
1253 374 1670 436 L’lNQUISlTloN
1716 397 2036 441 FRANQAISE

417 510 538 550 enfin
563 509 761 551 cardinal
786 512 846 551 du
870 509 976 550 titre
1000 511 1055 550 de
1078 508 1412 562 Saint-Martin,
1435 510 1474 551 le
1499 512 1551 552 23
1577 512 1811 553 decembre
1834 513 1967 562 1383;
1991 522 2112 555 mort
2135 516 2173 556 le
2198 518 2221 556 2
2246 519 2432 559 octobre

420 580 545 620 1391.
574 581 754 631 Baluze,
781 594 851 634 op.
881 580 968 632 cit„
997 579 1078 621 col.
1108 580 1241 629 1309;
1277 581 1387 621 Gall.
1417 581 1578 635 christ„
1606 589 1639 622 t.
1670 596 1701 636 1,
1730 584 1810 624 col.
1841 585 1939 637 220,
1968 586 2071 634 826;
2103 586 2260 639 Eubel,
2287 588 2399 629 Hier
2420 623 2432 643 ,

412 656 447 692 t.
477 664 510 702 1,
538 664 581 704 p.
612 651 682 703 26,
710 651 809 703 126,
837 652 936 692 449.

470 722 509 762 2.
543 719 650 763 Voir
674 735 718 761 n.
746 722 844 775 286,
872 730 978 766 note
1009 757 1024 766 ,

1266 1106 1487 1166 -297
1525 1142 1599 1149 -

487 1267 735 1333 Πένέᾳιιε
768 1268 1075 1332 d'Avignon
1109 1281 1152 1319 et
1187 1269 1544 1335 l'inquisiteur
1580 1270 1836 1331 Francois
1873 1273 2053 1321 Borrel
2069 1283 2183 1321 sont
2213 1273 2422 1336 charges

415 1353 475 1401 de
514 1351 687 1401 veiller
724 1355 756 1401 ἀ
795 1352 1103 1404 l’execution
1141 1354 1200 1403 de
1238 1355 1290 1403 la
1332 1355 1465 1404 balle
1502 1355 1593 1420 qai
1633 1356 1840 1419 precede
1881 1367 1925 1405 el
1963 1357 2022 1405 de
2059 1356 2310 1420 sulminer
2348 1357 2417 1406 les

413 1454 652 1486 censuras
683 1447 852 1486 contre
882 1437 951 1486 les
983 1437 1324 1502 refractaires.
1360 1467 1427 1473 —-
1457 1439 1788 1501 Villeneuve,
1825 1440 1885 1490 17
1917 1439 2034 1505 juin
2068 1440 2217 1491 1375.

767 1574 872 1626 Reg.
902 1573 1018 1625 Val.,
1042 1579 1075 1613 t.
1102 1586 1305 1626 CCvan,
1329 1573 1404 1614 fol.
1430 1574 1505 1623 50;
1533 1574 1691 1626 Eubel,
1713 1574 1849 1626 Ball„
1874 1581 1906 1615 t.
1932 1589 1996 1626 v1,
2020 1589 2062 1615 n.
2088 1576 2200 1618 1388
2228 1576 2292 1630 (ἰιι
2314 1579 2429 1632 exa).

492 1696 801 1748 Venerabili
850 1694 1056 1746 fratri..
1107 1694 1361 1760 episcopo
1413 1692 1778 1744 Avinionen.1
1810 1705 1864 1744 et
1895 1695 2093 1745 dilecto
2117 1696 2223 1746 filio
2260 1697 2422 1748 Fran-

417 1783 557 1833 cisco
616 1778 870 1842 Borilli2‚
931 1778 1133 1828 ordinis
1193 1777 1427 1828 fratrum
1487 1778 1759 1828 minorum
1819 1778 2126 1843 professori,
2188 1781 2242 1831 in
2273 1801 2419 1834 sacra

419 1866 691 1931 theologia
734 1864 1014 1929 magistro,
1055 1863 1110 1913 in
1152 1861 1445 1927 Arelaten.,
1491 1862 1720 1927 Aquen.,
1759 1863 2124 1925 Ebredunen.,
2160 1865 2417 1918 Viennen.

419 1964 475 2001 et
506 1950 881 2002 Tarantasien.
917 1947 1254 2008 civitatibus,
1288 1947 1591 1997 diocesibus
1637 1958 1694 1997 et
1757 1948 2048 2014 provinciis
2113 1949 2420 2015 inquisitori

417 2036 651 2087 heretice
687 2033 998 2101 pravitatis,
1035 2032 1289 2093 salutem,
1325 2042 1428 2082 etc.
1466 2061 1535 2066 —
1568 2032 1843 2082 Adversus
1894 2032 2190 2086 hereticam
2239 2035 2414 2101 pravi-

416 2131 590 2172 tatem
635 2130 690 2169 et
734 2137 829 2185 pro
876 2118 1064 2168 favore
1110 2116 1270 2166 officii
1319 2115 1693 2181 Inquisitionis
1739 2117 2031 2182 pravitatis
2076 2119 2318 2170 eiusdem
2361 2131 2414 2170 et

416 2205 574 2255 hodie
611 2203 974 2254 concessimus
1008 2202 1220 2251 litteras
1239 2211 1453 2251 nostras
1473 2202 1632 2251 huius
1651 2201 1871 2252 tenoris.
1906 2202 2277 2268 —Gregorius
2310 2203 2415 2270 epi-

415 2308 612 2355 scopus
661 2306 848 2339 servus
897 2305 1178 2337 servorum
1230 2286 1329 2335 Dei
1375 2285 1778 2336 venerabilibus
1827 2286 2087 2338 fratribus
2121 2287 2410 2349 Arelatem,

415 2374 649 2439 Aquen.,
709 2372 1075 2432 Ebredunen.,
1137 2370 1396 2420 Viennen.
1454 2381 1510 2419 et
1566 2370 1940 2422 Tarantasien.
1975 2372 2407 2439 archiepiscopis,

413 2459 647 2509 salutem
681 2468 737 2508 et
770 2455 1129 2523 apostolicam
1166 2454 1619 2505 benedictionem.
1658 2454 1741 2504 Ad
1775 2457 1939 2505 robur
1974 2457 2237 2507 catholice
2274 2458 2412 2521 fidei,

413 2553 515 2592 ete.
553 2543 625 2607 (n.
645 2540 787 2606 296).
822 2541 1116 2590 —Datum
1136 2541 1281 2604 apud
1312 2539 1727 2601 Villamnovam,
1763 2540 2025 2590 Avenion.
2061 2542 2302 2601 diocesiS,
2338 2559 2410 2592 xv

415 2627 669 2676 kalendas
699 2625 832 2686 iulii,
864 2643 1006 2677 anno
1041 2624 1250 2690 quinto.

487 2711 748 2774 Quocirca
787 2721 849 2759 ut
886 2710 1148 2761 mandata
1187 2721 1373 2760 nostra
1413 2720 1671 2760 contenta
1708 2709 1765 2761 in
1803 2710 1960 2761 dictis
1997 2710 2193 2761 litteris
2233 2712 2416 2762 debite

413 2795 722 2846 executioni
783 2794 1051 2845 efficacius
1115 2795 1534 2857 demandentur,
1598 2795 1753 2845 vobis
1815 2806 1870 2844 et
1931 2795 2087 2847 alteri
2149 2806 2408 2857 vestrum,

414 2881 456 2930 si
506 2879 705 2946 prefati
753 2878 1147 2945 archiepiscopi
1196 2879 1251 2928 in
1299 2879 1622 2929 executione
1672 2879 2059 2945 premissorum
2123 2898 2177 2929 se
2241 2879 2414 2930 reddi-

412 2964 610 3025 derint,
662 2964 808 3030 quod
858 2982 967 3014 non
1017 2963 1306 3024 credimus,
1356 2964 1495 3013 infra
1547 2964 1917 3029 predictorum
1950 2964 2117 3014 trium
2151 2964 2415 3014 mensium

413 3048 653 3114 spatium
698 3058 1101 3113 contemptores
1145 3066 1238 3097 seu
1282 3048 1550 3098 malitiose
1593 3048 1942 3112 negligentes,
1987 3048 2160 3100 dictas
2203 3067 2412 3098 excom-

414 3132 799 3182 municationis
853 3142 907 3181 et
961 3132 1327 3197 suspensionis
1382 3132 1683 3183 sententias
1738 3133 1831 3182 ubi
1883 3142 1938 3182 et
1992 3134 2211 3199 quando
2263 3131 2414 3182 vobis

411 3216 690 3265 videbitur
739 3216 1052 3266 solemniter
1102 3216 1386 3282 publicari,
1439 3216 1584 3281 ipsas
1632 3217 1802 3286 etiam
1852 3218 2221 3282 aggravando,
2255 3225 2413 3282 prout

411 3300 664 3349 suadebit
689 3300 899 3351 iustitia
925 3311 981 3349 et
1006 3300 1252 3350 videritis
1291 3301 1565 3366 expedire,
1606 3311 1661 3351 et
1699 3301 1943 3367 ipsorum
1983 3301 2411 3367 archiepiscopo-

410 3402 530 3433 rum
592 3385 962 3450 suffraganeos
1025 3386 1093 3435 ad
1155 3387 1538 3451 exequendum
1601 3385 1863 3451 premissa
1926 3396 1980 3436 et
2043 3401 2412 3452 quoscumque

411 3468 541 3518 alios
581 3468 1008 3519 contradictores
1045 3479 1100 3519 et
1135 3471 1360 3521 rebelles
1397 3489 1490 3520 seu
1511 3471 1648 3521 male
1671 3471 1983 3521 ablatorum
2020 3480 2076 3519 et
2109 3471 2409 3536 legatorum

410 3550 742 3603 incertorum
792 3553 1162 3618 predictorum
1213 3555 1524 3605 detentores
1575 3555 1644 3605 ad
1695 3572 1753 3604 ea
1807 3554 1989 3610 vobis,
2026 3553 2430 3620 assignandum>

411 3635 741 3686 auctoritate
774 3648 959 3688 nostra
995 3638 1239 3704 predicta
1274 3657 1369 3705 per
1401 3657 1685 3690 censuram
1718 3638 2143 3690 ecclesiasticam
2175 3632 2411 3703 appella-

411 3719 557 3770 tione
608 3721 913 3787 postposita
966 3722 1342 3789 compescatis,
1394 3723 1651 3774 invocato
1701 3723 1770 3774 ad
1822 3724 1922 3773 hoc
1972 3723 2015 3773 si
2065 3740 2198 3788 opus
2249 3719 2408 3770 fuerit

411 3802 612 3857 auxilio
648 3805 853 3860 brachii
887 3807 1158 3863 secularis.
1199 3807 1321 3862 Non
1355 3808 1710 3862 obstantibus
1746 3806 2088 3875 indulgentia
2124 3823 2218 3875 per
2250 3821 2409 3873 quam
