2540 4354
880 374 1144 448 οιέΜιιΝτ
1183 412 1239 448 vt
1950 388 2047 445 301

62 531 409 586 ’παίουσι-οε
440 538 621 582 essent
652 546 747 597 per
777 528 1158 595 inquisitorem
1193 528 1286 594 qui
1319 538 1451 579 tunc
1483 538 1602 579 erat
1633 528 1719 577 vel
1751 526 1864 578 eius
1898 526 2040 578 vica·

126 616 212 670 ‘m
239 612 486 682 requisiti
515 613 724 665 dictum
758 612 1111 663 Guillermum
1144 613 1244 661 sub
1278 629 1414 677 pena
1449 621 1667 662 centum
1701 611 2043 661 marcharum

4 718 5 721 ¹
60 707 79 747 ῥ’
148 697 282 751 enti
318 707 374 748 et
412 696 529 748 aliis
570 695 905 761 gravioribus
947 694 1096 760 penis
1138 694 1445 761 inquisitori
1484 696 1568 744 vel
1615 693 1814 745 vicario
1859 693 2049 743 redde-

2 824 4 826 -
87 791 103 837 ’ζ
129 790 194 836 nt
237 779 589 848 supradictis;
634 789 690 829 et
736 778 881 845 quod
927 777 1052 828 licet
1098 777 1276 828 dictus
1325 777 1646 828 Guillermus
1693 778 1802 828 iam
1836 786 2046 843 septem

70 875 77 883 “
122 897 125 906 -
158 890 213 910 .-.
252 863 445 931 elapsis
476 864 623 914 viam
656 862 846 913 fuisset
878 861 1125 911 universe
1156 861 1330 911 carnis
1362 855 1647 926 ingressus,
1666 870 1852 911 tamen
1872 858 2044 925 prefa-

113 972 117 984 ·
200 946 468 999 Arnaldus
513 946 687 996 dictos
734 943 1071 996 fideiussores
1114 953 1172 993 et
1217 943 1469 1006 Manum,
1516 961 1611 1009 pro
1656 959 1718 993 eo
1751 941 1895 1008 quod
1940 941 2043 1008 ipsi

63 1080 82 1088 ,χ
153 1057 156 1073 ι
184 1047 296 1081 em
331 1029 685 1080 Guillermum
718 1027 942 1090 iamdiu,
981 1036 1042 1077 ut
1075 1026 1361 1093 prefertur,
1397 1027 1739 1076 deffunctum
1757 1026 2042 1077 restituere

66 1147 93 1156 ’Δ
109 1130 180 1166 on
218 1113 494 1176 valebant,
537 1130 632 1179 per
671 1112 848 1177 plures
890 1110 1195 1177 capellanos
1238 1110 1523 1160 mandavit
1564 1120 1619 1158 ct
1664 1109 1791 1159 fecit
1830 1126 2045 1159 excom·

87 1187 91 1189 i
141 1223 147 1241 ·
179 1197 371 1249 ‘catos
400 1214 463 1247 ac
490 1195 731 1263 ipsorum
765 1194 1142 1246 fideiussorum
1174 1211 1366 1244 uxores
1395 1204 1451 1243 et
1482 1194 1713 1244 familias
1743 1210 1837 1259 per
1867 1192 2041 1243 dictos

72 1280 370 1351 “Ρο11αιιοε
415 1279 732 1331 interdictos
781 1279 994 1346 publice
1039 1278 1309 1339 nunciari3
1374 1296 1437 1329 ac
1484 1278 1656 1328 dictos
1707 1276 2043 1327 fideiussores

156 1363 214 1416 d
251 1363 620 1430 Engolismam
659 1362 815 1414 citari
851 1380 1033 1413 coram
1069 1362 1204 1427 ipso,
1243 1361 1346 1411 sibi
1383 1361 1448 1410 de
1486 1361 1586 1410 hiis
1626 1378 1728 1426 que
1767 1360 1835 1411 ad
1877 1361 2040 1410 iidem

77 1451 124 1464 ”
159 1447 391 1500 officium
437 1447 805 1514 Inquisitionis
844 1447 963 1508 sibi,
1005 1457 1067 1496 ut
1106 1446 1340 1507 dicebat,
1381 1445 1728 1497 commissum
1768 1444 2043 1510 pertinent

85 1522 91 1525 ⁴
154 1528 513 1596 Engolismen.
547 1530 768 1581 ecclesia
801 1547 1167 1596 responsuros.
1206 1528 1278 1579 Et
1295 1528 1515 1578 demum
1535 1528 1820 1577 cumidem
1841 1527 2042 1578 Alanus

102 1641 149 1682 „¹
203 1631 259 1664 se
296 1631 359 1665 ac
396 1613 525 1680 ipsis
569 1612 971 1665 fideiussoribus
1013 1610 1386 1679 procuratorio
1427 1610 1642 1661 nomine
1696 1610 1936 1677 ipsorum
1977 1612 2046 1662 ab

143 1713 252 1749 em
303 1695 541 1748 Arnaldo
608 1696 963 1748 absolutionis
1035 1695 1358 1746 beneficium
1420 1695 1737 1760 postularet,
1799 1694 2041 1760 prefatus

118 1779 340 1832 Taldus
381 1779 693 1831 huiusmodi
735 1779 1090 1831 absolutionis
1134 1778 1459 1829 beneficium
1502 1779 1574 1829 eis
1619 1778 1908 1843 denegavit
1950 1778 2046 1828 im·

112 1900 135 1935 3
170 1861 312 1928 dere,
328 1863 430 1915 nisi
444 1864 547 1915 sibi
561 1863 843 1929 sexaginta
862 1863 1024 1915 libras
1056 1874 1234 1913 turon.
1271 1880 1561 1928 parvorum
1598 1863 1949 1928 persolveret;
1981 1862 2046 1912 de

116 1931 259 2010 [5²11.
274 1957 572 2014 antequam
604 1946 1009 2013 impenderetur
1041 1947 1312 1998 absolutio
1344 1946 1655 2011 supradicta
1692 1946 2041 1996 medietatem

22 2022 26 2023 ⁷
171 2029 276 2082 fter
290 2030 588 2096 assignaret
603 2040 658 2081 et
675 2030 939 2096 reliquam
958 2030 1309 2081 medietatem
1339 2030 1440 2080 sibi
1458 2031 1690 2079 solveret
1707 2030 1762 2079 in
1796 2030 2038 2079 terminis

131 2148 134 2154 ·
204 2130 329 2166 eum
379 2123 664 2181 propterea
718 2114 1040 2165 statuendis.
1097 2113 1274 2177 Quare
1327 2113 1570 2180 prefatus
1625 2113 1828 2164 Alanus
1882 2113 2037 2163 nobis

136 2214 138 2221 ¹
175 2225 179 2240 ·
236 2197 335 2249 'ter
373 2196 703 2264 supplicavit
744 2208 806 2247 ut
847 2198 1130 2264 providere
1170 2197 1273 2249 sibi
1314 2214 1474 2263 super
1516 2196 1615 2247 hiis
1657 2197 1723 2246 de
1766 2207 2035 2263 oportuno

34 2276 38 2283 ”
341 2280 701 2347 dignaremur.
754 2279 862 2331 Nos
910 2279 1126 2346 igitur...
1190 2280 1433 2331 volentes
1493 2280 1746 2330 eumdem
1808 2279 2042 2330 Alanum

38 2391 39 2394 ¹
116 2386 176 2427 33¹·
213 2363 404 2415 missis
448 2363 853 2430 gravaminibus
898 2364 1142 2426 relevari,
1203 2363 1537 2415 fraternitati
1582 2374 1743 2413 tue...
1792 2363 2040 2413 commit-

141 2435 145 2446 ²
180 2474 183 2486 ‹
264 2457 321 2498 et
361 2447 684 2500 mandamus
727 2448 984 2514 quatinus
1029 2447 1235 2498 vocatis
1279 2447 1373 2513 qui
1414 2446 1616 2498 fuerint
1657 2446 1923 2499 evocandi
1965 2446 2030 2496 de

146 2598 150 2603 ⁵
193 2527 208 2542 ⁶
269 2529 283 2542 “
337 2530 666 2582 auctoritate
693 2531 990 2598 apostolica
1020 2531 1329 2597 diligentius
1360 2540 1413 2580 te
1442 2529 1697 2580 informes
1726 2540 1782 2580 et
1810 2529 1854 2580 si
1881 2546 2028 2595 repe·

232 2610 312 2666 ita
351 2629 466 2665 esse
506 2613 710 2666 dictam
753 2613 1038 2681 pecuniam
1080 2614 1316 2667 solutam
1372 2613 1543 2665 Alano
1599 2612 1814 2663 restitui
1869 2612 2034 2663 facias

126 2705 386 2764 ·orato,
440 2696 782 2764 eundemque
852 2698 1152 2750 Arnaldum
1221 2696 1509 2763 compellas
1581 2706 1642 2745 ut
1728 2695 2032 2761 predictum

155 2782 180 2818 ’·
214 2803 218 2819 ·
253 2804 277 2821 υ
332 2796 494 2846 super
537 2779 804 2831 solutione
848 2779 992 2831 dicte
1035 2780 1292 2832 restantis
1339 2778 1565 2846 pecunie
1608 2796 1718 2830 non
1766 2778 2033 2840 molestet,

123 2884 162 2906 ιν·
197 2875 398 2913 meum
422 2880 586 2929 quam
614 2862 955 2915 fideiussores
1004 2863 1276 2931 predictos
1333 2882 1363 2915 a
1421 2862 1663 2928 predicta
1721 2878 2032 2911 excommu-

132 2938 161 3004 ,ε’
178 2942 338 2997 tionis
382 2955 440 2996 et
485 2945 767 2998 interdicti
812 2947 1081 2999 sententia
1131 2947 1262 2998 alias
1311 2947 1464 2997 iuxta
1519 2946 1749 2995 Ecclesie
1799 2945 2030 2995 formam

190 3053 232 3069 ···
273 3028 603 3080 auctoritate
633 3022 916 3093 absolvas;
949 3041 1004 3080 et
1037 3030 1413 3081 nichilominus
1446 3028 2035 3095 prelatumArnaldum

131 3107 135 3112 ’
169 3138 174 3150 ·
203 3135 205 3138 ·
287 3135 296 3153 ’-
330 3121 515 3164 nostra
544 3114 903 3180 peremptorie
922 3114 1087 3165 citare
1117 3131 1366 3181 procures
1399 3123 1458 3162 ut
1487 3112 1624 3163 inira
1669 3111 2032 3178 quadraginta

233 3220 256 3236 v·
313 3194 558 3262 spacium
605 3206 730 3262 post
775 3197 1091 3248 citationem
1151 3207 1304 3247 tuam
1368 3194 1678 3246 huiusmodi
1737 3194 2038 3260 apostolico

239 3276 470 3344 pectui
511 3279 864 3345 personaliter
906 3289 1258 3346 representet,
1304 3295 1464 3344 super
1508 3277 1776 3345 premissis
1822 3277 2031 3328 iusticie

135 3363 328 3414 turus
353 3370 410 3410 et
435 3359 678 3413 facturus
704 3372 760 3412 et
784 3373 1097 3430 recepturus
1127 3362 1271 3428 quod
1300 3362 1429 3412 ordo
1457 3362 1748 3412 dictaverit
1773 3360 2028 3412 rationis·
2019 3399 2030 3421 ,

68 3435 70 3438 ’
151 3447 186 3483 '·=
237 3457 363 3492 vero
404 3442 713 3496 huiusmodi
753 3447 1027 3497 citationis
1068 3457 1123 3496 et
1164 3447 1395 3495 formam
1436 3455 1490 3493 et
1544 3443 1799 3510 quicquid
1869 3461 2029 3508 super

167 3522 411 3577 duxeris
451 3526 759 3579 faciendum
803 3530 954 3579 nobis
1012 3547 1103 3595 per
1157 3538 1280 3578 tuas
1335 3527 1542 3577 litteras
1597 3528 1788 3577 harum
1842 3525 2031 3576 seriem

192 3602 397 3658 flentes
452 3611 670 3661 studeas
734 3612 962 3662 fideliter
1031 3611 1298 3661 intimare.
1372 3610 1805 3660 Contradictores
1876 3611 2028 3674 [elem]

61 3748 68 3758 „
168 3722 170 3726 -
214 3687 559 3743 obstantibus
589 3695 741 3759 [etc-.].
776 3722 842 3731 —
877 3695 1079 3745 Datum
1127 3692 1399 3753 Avinioni,
1448 3710 1548 3741 viu
1597 3691 1852 3743 kalendas
1911 3690 2024 3743 iulii

159 3796 190 3825 -φ
230 3771 413 3828 tercio.
