2540 4354
445 358 546 415 210
833 374 1121 409 BULLAIRE
1171 378 1245 410 DE
1289 358 1704 420 L¹1NQu1svrioN
1748 375 2065 421 salmensis

446 494 742 544 medietate
785 492 955 542 totius
1000 492 1356 545 emolumenti
1397 495 1608 546 ratione
1653 493 1897 544 omnium
1939 492 2334 558 scripturarum
2378 491 2448 541 ad

446 578 590 628 idem
638 575 973 627 tabularium
1017 577 1412 642 pertinentium
1454 578 1648 629 exinde
1692 576 2030 644 proventuri,
2073 576 2285 641 tibique
2327 585 2448 625 tan-

449 680 614 727 quam
649 659 984 711 benemerito
1020 678 1114 726 per
1146 679 1272 712 suas
1306 662 1519 714 litteras
1554 663 1623 714 ad
1656 662 1832 712 vitam
1865 672 2021 711 tuam
2055 660 2205 710 dedit
2238 670 2292 709 et
2326 677 2447 709 con-

448 745 606 795 cessit
637 762 731 810 pro
762 762 816 794 se
848 744 1066 810 suisque
1097 747 1498 797 successoribus
1531 765 1592 797 ac
1622 746 1790 796 etiam
1821 744 2146 810 assignavit3
2177 744 2362 794 volens
2394 754 2448 793 et

446 829 743 879 concedens
786 828 1139 879 nihilominus
1184 831 1332 895 quod
1374 841 1436 881 tu
1477 830 1815 882 tabularium
1856 830 2036 896 ipsum
2075 847 2255 894 regere
2298 846 2360 878 ac
2402 829 2450 879 ei

447 913 712 963 deservire
739 912 945 963 valeres
974 914 1355 966 communibus
1383 915 1631 981 expensis
1657 914 1827 964 totius
1855 914 2053 979 prefati
2097 912 2450 962 emolumenti

446 999 688 1048 eiusdem
730 998 991 1049 tabularii
1031 1017 1125 1064 per
1165 1009 1220 1049 te
1263 1001 1350 1050 vel
1391 1018 1486 1066 per
1526 999 1886 1050 sufficientem
1927 1009 1982 1047 et
2034 998 2312 1063 ydoneum
2365 1015 2448 1046 su-

445 1082 735 1143 stitutum;
793 1083 1048 1148 quodque
1103 1084 1461 1149 postmodum
1517 1083 1702 1134 dilecti
1757 1082 1853 1133 filii
1908 1081 2210 1148 capitulum
2242 1080 2450 1146 prefate

445 1166 665 1217 ecclesie
711 1166 1111 1232 Appamiarum
1156 1168 1514 1219 donationem
1557 1186 1651 1218 seu
1696 1167 2096 1217 concessionem
2139 1163 2451 1216 huiusmodi

445 1251 706 1301 tabularii
760 1251 994 1317 predicti
1048 1271 1142 1318 per
1198 1252 1411 1303 dictum
1466 1252 1784 1319 episcopum
1837 1251 1942 1301 tibi
1995 1261 2056 1301 ut
2111 1250 2452 1316 premictitur

445 1336 654 1386 factam
696 1346 910 1400 gratam
953 1347 1008 1386 et
1050 1348 1341 1404 acceptam
1383 1338 1648 1388 habentes
1691 1335 1922 1387 confessi
1961 1336 2182 1385 fuerunt
2222 1335 2450 1385 eandem

446 1421 510 1470 de
549 1419 795 1486 ipsorum
836 1439 1059 1472 assensu
1100 1433 1156 1472 et
1196 1422 1418 1473 consilio
1460 1440 1571 1472 esse
1613 1422 1837 1483 factam,
1878 1420 2163 1486 ipsamque
2205 1419 2450 1469 donatio-

445 1522 569 1554 nem
589 1515 643 1554 et
664 1506 1067 1557 concessionem
1105 1507 1497 1570 laudaverunt,
1536 1506 1956 1557 ratificaverunt
1974 1513 2026 1552 et
2054 1502 2223 1553 etiam
2258 1520 2449 1568 appro-

445 1589 744 1652 baverunt3
781 1609 993 1641 necnon
1030 1603 1084 1641 et
1121 1593 1189 1642 ad
1228 1591 1490 1643 maiorem
1508 1591 1713 1642 roboris
1737 1589 2056 1640 firmitatem
2088 1589 2142 1638 in
2179 1588 2450 1653 premissis

446 1675 696 1725 omnibus
748 1685 802 1724 et
852 1676 1074 1741 singulis
1104 1677 1350 1742 ipsorum
1395 1695 1717 1727 consensum
1760 1685 1816 1725 et
1857 1691 2138 1725 assensum
2182 1674 2448 1723 dederunt

445 1777 712 1825 expresse,
758 1770 922 1825 prout
963 1760 1018 1811 in
1079 1761 1409 1827 quibusdam
1450 1778 1609 1827 super
1666 1761 1767 1810 hoc
1822 1758 2081 1808 confectis
2135 1757 2450 1823 patentibus

444 1843 639 1893 litteris
678 1842 846 1909 ipsius
885 1844 1125 1911 episcopi
1167 1856 1221 1895 et
1266 1845 1483 1911 publico
1517 1845 1885 1896 instrumento
1932 1842 2202 1893 dictorum
2228 1841 2451 1907 capituli

444 1929 627 1994 sigillis
669 1930 911 1992 munitis,
959 1949 1192 1996 quorum
1233 1941 1448 1981 tenores
1499 1931 1562 1980 de
1611 1931 1777 1980 verbo
1826 1929 1894 1980 ad
1944 1929 2171 1979 verbum
2235 1945 2445 1992 presen-

446 2013 591 2062 tibus
634 2014 795 2065 inseri
829 2015 1072 2077 fecimus,
1108 2015 1318 2081 plenius
1365 2015 1694 2066 continetur.
1742 2015 1918 2077 Quare
1962 2013 2114 2062 nobis
2172 2011 2447 2061 humiliter

445 2099 763 2164 supplicasti
805 2110 868 2149 ut
910 2099 1285 2163 donationem,
1335 2100 1739 2151 concessionem
1786 2109 1840 2148 et
1886 2097 2311 2163 assignationem
2357 2097 2452 2146 hu-

444 2182 678 2234 iusmodi
723 2183 890 2249 ipsius
937 2185 1178 2251 episcopi
1222 2186 1291 2236 ad
1336 2185 1513 2236 vitam
1539 2196 1713 2247 tuam,
1759 2194 1821 2234 ut
1867 2182 2226 2249 premictitur,
2259 2182 2448 2243 factas,

444 2286 653 2317 necnon
726 2269 1124 2332 laudationem,
1173 2270 1602 2321 ratificationem
1662 2280 1716 2319 et
1774 2268 2230 2335 approbationem
2282 2266 2453 2332 predi-

444 2363 558 2401 ctas
587 2354 902 2403 eorumdem
934 2354 1164 2420 capituli
1211 2353 1646 2406 confirmationis
1697 2363 1880 2404 nostre
1930 2352 2115 2402 fulcire
2156 2351 2450 2401 munimine

444 2436 806 2501 dignaremur.
854 2439 963 2489 Nos
1025 2439 1234 2505 itaque,
1302 2440 1689 2505 premissorum
1754 2437 2169 2504 premeritorum
2227 2446 2446 2485 tuorum

443 2523 691 2584 obtentu,
729 2524 837 2573 tuis
872 2523 928 2573 in
978 2525 1079 2574 hac
1131 2534 1290 2590 parte
1338 2523 1829 2590 supplicationibus
1875 2521 2138 2583 inclinati,
2191 2521 2447 2586 premissa

444 2606 624 2656 omnia
673 2617 727 2656 et
773 2607 984 2673 singula
1030 2608 1085 2658 in
1131 2608 1332 2659 litteris
1381 2619 1435 2658 et
1479 2608 1846 2659 instrumento
1893 2606 2147 2673 predictis
2195 2614 2449 2654 contenta

441 2700 562 2740 rata
596 2693 859 2742 habentes
891 2702 946 2742 et
980 2703 1152 2758 grata,
1186 2693 1278 2744 illa
1314 2693 1648 2744 auctoritate
1684 2692 1983 2758 apostolica
2019 2709 2085 2740 ex
2119 2700 2265 2740 certa
2284 2689 2446 2740 scien-

443 2774 519 2824 tia
558 2776 948 2827 confirmamus
983 2788 1038 2827 et
1073 2778 1339 2844 presentis
1379 2777 1568 2844 scripti
1605 2776 1906 2844 patrocinio
1948 2775 2361 2825 communimus

517 2859 748 2911 Tenores
791 2878 919 2910 vero
964 2862 1237 2912 dictorum
1257 2862 1565 2913 litterarum
1605 2872 1660 2911 et
1698 2859 2051 2911 instrumenti
2089 2859 2224 2910 tales
2265 2865 2391 2909 sunt
2433 2877 2443 2906 :

518 2944 706 2995 Frater
755 2946 1091 3008 Dominicus,
1143 2947 1245 2997 Dei
1289 2957 1344 2996 et
1391 2946 1686 3013 apostolice
1734 2945 1884 2995 Sedis
1932 2943 2103 3010 gratia
2152 2942 2441 3010 Appamia-

441 3045 563 3078 rum
606 3029 913 3095 episcopus,
958 3031 1156 3080 dilecto
1200 3031 1356 3081 nobis
1399 3030 1455 3080 in
1498 3030 1709 3081 Christo
1753 3030 2013 3094 magistro
2057 3028 2294 3079 Arnaldo
2340 3025 2446 3076 Ra-

445 3112 636 3162 mundi
689 3113 955 3176 Falconis,
1011 3115 1201 3165 clerico
1257 3133 1319 3166 ac
1371 3114 1586 3165 notario
1640 3113 2054 3180 Appamiarum,
2109 3111 2342 3162 salutem
2392 3110 2444 3160 in

445 3196 680 3247 Domino
729 3198 889 3249 Ihesu
932 3199 1165 3250 Christo.
1213 3199 1486 3263 Quoniam
1531 3199 1757 3264 dignum
1799 3208 1882 3249 est
1924 3208 1979 3248 et
2020 3196 2220 3248 rationi
2261 3213 2442 3246 conso-

442 3298 574 3329 num
614 3292 676 3330 ut
715 3281 792 3333 illi
832 3282 926 3348 qui
967 3283 1200 3334 Ecclesie
1244 3272 1480 3335 fideliter
1519 3283 1894 3334 deservierunt
1946 3282 2015 3332 ab
2068 3299 2129 3331 ea
2169 3287 2448 3346 reportent

441 3366 794 3416 commodum
842 3377 897 3417 et
945 3368 1207 3418 honorem
1257 3378 1314 3418 et
1365 3368 1511 3433 quod
1560 3377 1784 3434 propter
1830 3384 2017 3417 eorum
2066 3363 2444 3415 sufficientiam

443 3468 503 3498 ac
553 3450 880 3501 fidelitatem
927 3452 996 3502 ad
1043 3451 1282 3517 regimen
1330 3451 1633 3502 officiorum
1681 3450 2169 3502 ecclesiasticorum
2217 3446 2448 3514 gratiose

440 3543 810 3595 assumantur,
856 3534 1021 3599 igitur
1065 3536 1418 3586 attendentes
1466 3546 1521 3584 et
1568 3535 1972 3586 considerantes
2020 3543 2239 3599 gratum
2284 3529 2446 3582 servi-

442 3618 581 3666 tium
621 3617 836 3667 ecclesie
878 3619 1276 3685 Appamiarum
1315 3619 1370 3669 in
1413 3619 1587 3668 officio
1635 3618 2007 3684 Inquisitionis
2047 3616 2283 3667 heretice
2322 3631 2440 3680 pra-

440 3699 626 3750 vitatis
670 3711 724 3750 et
767 3702 916 3765 aliaS,
961 3715 1123 3768 prout
1166 3722 1234 3754 ex
1278 3703 1685 3768 fidedignorum
1728 3702 2046 3766 testimonio
2091 3699 2443 3767 percepimuS,

440 3784 646 3833 dud‘um
691 3802 783 3849 per
827 3795 880 3834 te
927 3786 1158 3838 fideliter
1201 3787 1510 3854 impensum
1555 3797 1800 3853 tempore
1846 3804 1951 3852 quo
1985 3783 2364 3836 sanctissimus
2385 3779 2439 3831 ni
