2540 4354
959 389 1106 426 sam
1149 390 1272 427 xxn
2004 379 2103 434 173

114 498 370 571 lieretici,
406 506 658 574 quamvis
692 524 790 572 ego
825 525 935 558 non
969 507 1159 558 scirem
1195 526 1284 558 eos
1320 527 1432 559 esse
1468 511 1747 574 hereticos,
1783 531 2104 578 recognosco

34 622 36 627 »
112 600 214 644 ,ιιι
233 607 349 641 esse
370 589 695 656 culpabilem
717 599 773 640 et
794 599 922 656 peto
944 590 1161 640 veniam
1199 600 1253 640 et
1291 592 1709 644 misericordiam
1748 596 1933 646 Vestre
1972 597 2104 648 San-

123 702 128 745 :¹
159 672 335 726 titatis
365 682 422 722 et
451 690 573 723 sum
603 682 829 738 paratus
856 669 1033 722 iurare
1052 673 1119 723 ad
1139 684 1326 724 sancta
1355 674 1450 724 Die
1468 677 1783 741 euvangelia
1803 696 2103 744 numquam

161 755 287 808 licui
309 755 375 806 de
398 755 517 807 istis
542 772 628 806 me
655 764 897 822 prestare
922 755 1222 819 consilium,
1249 757 1512 808 auxilium
1538 760 1622 809 vel
1648 760 1907 824 favorem,
1934 763 2104 814 donec

119 851 129 899 j
168 837 382 889 ¹·‘erint
413 839 483 890 ad
515 848 705 890 sancte
734 856 958 890 romane
991 838 1225 890 Ecclesie
1258 840 1543 893 unitatem.

38 954 42 994 g
135 911 172 934 ⁵
198 921 572 989 Qua.quidem
606 922 796 973 cedula
831 940 926 989 per
958 923 1210 972 eumdem
1245 923 1468 974 fratrem
1506 926 1837 991 Raphaelem
1871 929 2103 995 integra·

204 1040 211 1046 -
255 1004 410 1056 lecta
438 1014 495 1055 et
522 1022 616 1071 per
643 1004 925 1055 dominum
954 1015 1201 1055 nostrum
1232 1024 1431 1072 papam
1463 1008 1687 1073 benigne
1717 1011 1924 1073 audita,
1954 1012 2098 1063 idem

112 1095 178 1157 ,ξἰι
210 1096 293 1139 ter
320 1098 449 1139 ante
478 1089 640 1154 pedes
672 1088 991 1139 Sanctitatis
1021 1086 1263 1138 eiusdem
1294 1090 1499 1140 domini
1529 1093 1698 1142 nostri
1743 1111 1880 1159 pape
1926 1096 2098 1145 humi-

123 1166 129 1200 ³
204 1198 223 1213 -‹
282 1181 587 1238 prostratus
627 1171 780 1222 flexis
820 1171 1043 1237 genibus
1081 1171 1287 1222 iuravit
1326 1173 1564 1238 capitula
1618 1175 1977 1243 infrascripta.
2039 1179 2099 1228 In

122 1287 149 1313 ¹·
193 1252 207 1266 '
227 1280 250 1298 ιι
269 1253 281 1265 ’
332 1253 538 1305 iuravit
563 1255 632 1306 ad
659 1264 848 1306 sancta
880 1254 978 1305 Dei
994 1256 1309 1320 euvangelia
1332 1258 1679 1322 corporaliter
1695 1259 1830 1309 libro
1849 1270 2017 1323 tacto,
2044 1280 2099 1312 se

120 1335 306 1388 'amere
337 1337 500 1388 fidem
530 1348 586 1388 et
611 1338 852 1411 tenuisse
882 1348 937 1388 et
969 1339 1182 1388 credere
1212 1349 1267 1389 et
1298 1349 1478 1389 tenere
1511 1342 1654 1406 quod
1687 1342 1844 1393 docet
1874 1354 1929 1394 et
1947 1355 2097 1395 tenet

123 1438 158 1455 ·-
206 1430 316 1472 =eta
345 1430 519 1471 mater
549 1421 803 1472 Ecclesia.
837 1421 908 1471 Et
937 1421 1165 1471 credidit
1194 1433 1248 1471 et
1278 1423 1447 1472 credit
1477 1425 1620 1488 quod
1652 1443 1758 1475 non
1787 1437 2000 1491 spectat
2028 1429 2097 1478 ad

166 1530 187 1546 ιι
203 1513 506 1571 potatorem
531 1522 731 1570 papam
754 1505 1022 1571 deponere
1044 1515 1099 1555 et
1122 1505 1289 1555 alium
1312 1506 1511 1568 facere3
1556 1508 1646 1557 sed
1673 1509 1771 1558 hoc
1796 1510 2091 1563 hereticum

114 1590 346 1654 '’--putat
373 1597 428 1637 et
457 1587 684 1638 heresim
715 1605 808 1653 per
838 1586 1134 1638 Ecclesiam
1165 1589 1541 1654 dampnatam.
1571 1591 1705 1640 Item
1725 1590 1928 1642 iuravit
1956 1604 2100 1644 stare

217 1687 402 1737 parere
441 1671 715 1722 mandatis
756 1669 995 1721 Ecclesie
1038 1682 1093 1721 et
1133 1672 1338 1721 domini
1378 1673 1548 1723 nostri
1588 1692 1726 1739 pape
1746 1694 1905 1741 super
1938 1676 2099 1727 illatis

57 1796 61 1798 ,
115 1749 345 1818 ‘ul-iis,
391 1751 765 1816 contumaciis,
811 1754 1219 1816 rebellionibus,
1267 1755 1514 1806 fautoriis
1564 1767 1618 1805 et
1679 1758 1793 1807 aliis
1840 1758 2099 1824 implicite

58 1875 63 1884 .
122 1834 211 1897 il
234 1836 487 1904 explicite
514 1855 608 1903 per
633 1855 758 1887 eum
787 1837 1103 1889 confessatis
1132 1848 1186 1887 et
1215 1856 1322 1888 non
1342 1839 1675 1902 confessatis,
1695 1851 1749 1890 et
1769 1842 1955 1891 ceteris
1976 1861 2091 1892 sen-

118 1930 131 1964 ἕ
169 1919 310 1972 ntiis
344 1938 478 1987 quas
511 1920 738 1971 incurrit
771 1922 841 1972 ab
877 1920 1093 1971 homine
1128 1922 1213 1971 vel
1248 1940 1277 1972 a
1311 1919 1427 1971 iure
1462 1933 1682 1988 propter
1718 1925 1973 1989 premissa
2010 1926 2096 1975 vel

60 1995 64 1997 ⁸
108 2019 157 2074 ζ·
227 2003 523 2069 tangentia.
575 2004 712 2054 Item
754 2002 959 2055 iuravit
1002 2015 1057 2054 et
1100 2005 1349 2071 promisit
1392 2006 1611 2055 domino
1656 2017 1839 2056 nostro
1884 2027 2095 2058 summo

235 2084 370 2138 tifici
407 2097 463 2137 et
501 2087 895 2138 successoribus
936 2087 1044 2138 suis
1086 2088 1339 2138 canonice
1381 2088 1712 2140 intrantibus
1758 2091 2095 2154 fidelitatem,

102 2222 110 2232 ,,
225 2169 486 2222 dientiam
530 2181 586 2220 et
629 2170 991 2221 reverentiam
1037 2171 1267 2222 debitas,
1321 2171 1457 2221 Item
1501 2170 1704 2222 iuravit
1749 2184 1803 2222 et
1850 2175 2096 2239 promisit

121 2248 268 2311 ‘sod
294 2270 402 2304 non
430 2253 531 2304 erit
560 2272 683 2304 cum
711 2254 942 2316 Bavaro,
973 2272 1070 2304 nec
1099 2273 1223 2304 cum
1256 2256 1414 2305 Petro
1445 2256 1510 2305 de
1540 2256 1811 2318 Corvaria‚
1843 2276 1937 2307 nec
1968 2277 2090 2308 cum

116 2329 130 2351 ”
174 2334 216 2379 ι”ιι
262 2336 507 2388 hereticis
533 2354 626 2387 seu
652 2337 989 2399 scismaticis,
1018 2355 1112 2387 nec
1139 2355 1325 2387 eorum
1345 2339 1665 2404 sequacibus
1686 2358 1778 2404 per
1797 2339 2091 2391 Ecclesiam

115 2407 410 2493 Naffotatis,
452 2420 537 2470 vel
579 2420 920 2482 denotandis,
966 2439 1061 2470 nec
1103 2421 1176 2471 eis
1219 2421 1482 2471 auxilium
1526 2422 1611 2470 vel
1653 2422 1894 2472 favorem
1937 2424 2091 2474 dabit

124 2565 135 2571 γ’
159 2533 161 2537 >
188 2501 464 2566 laturum,
493 2503 694 2554 directe
723 2504 807 2553 vel
835 2503 1112 2566 indirecte,
1144 2504 1354 2569 publice
1385 2505 1467 2553 vel
1498 2506 1725 2566 occulte,
1745 2507 1835 2554 sed
1858 2505 2090 2556 Ecclesie

0 2575 3 2603 ἰ
82 2639 83 2642 ,
111 2591 120 2620 ‘³
154 2584 422 2638 2domino
453 2596 637 2637 nostro
670 2587 912 2652 predicto
945 2597 1000 2636 et
1032 2587 1424 2636 successoribus
1459 2587 1565 2636 suis
1600 2588 1852 2637 canonice
1884 2589 2087 2639 intran-

0 2705 2 2745 ζ
80 2719 82 2723 ,
128 2660 266 2723 'sl-us
295 2667 465 2719 fidelis
493 2669 610 2720 erit.
647 2670 784 2719 Item
815 2670 958 2735 quod
990 2670 1121 2719 nulli
1151 2669 1366 2719 obediet
1396 2688 1490 2719 nec
1520 2671 1801 2720 adherebit
1833 2682 1891 2719 ut
1921 2672 2083 2737 impe-

222 2750 304 2815 ·ri‚
341 2770 435 2803 seu
473 2752 903 2804 administratori
942 2753 1168 2818 imperii,
1212 2752 1311 2802 nisi
1350 2753 1436 2802 ille
1478 2753 1726 2817 primitus
1768 2772 1860 2818 per
1900 2754 2089 2804 Sedem

118 2846 121 2906 J
173 2858 211 2878 ιιι
251 2834 471 2887 tolicam
512 2835 675 2886 luerit
714 2837 1029 2902 aprobatus,
1082 2836 1216 2884 Item
1258 2834 1461 2885 iuravit
1502 2846 1556 2884 et
1598 2836 1844 2901 promisit
1885 2837 2084 2901 obliga-

67 2927 70 2932 '
110 2908 341 2986 symm,
388 2917 834 2981 coniurationem,
884 2918 1357 2983 conspirationem,
1407 2936 1499 2968 seu
1546 2918 1709 2982 ligam
1757 2937 1864 2969 non
1913 2919 2086 2970 facere

131 2998 143 3012 ¹
187 3025 226 3041 ...
275 2999 487 3053 Bavaro
524 3002 843 3068 dampnato,
882 3012 980 3052 aut
1017 3020 1139 3050 cum
1177 3002 1291 3051 aliis
1330 3001 1641 3066 dampnatis
1680 3019 1772 3066 per
1808 2989 2086 3052 dominum

141 3133 167 3146 ,⁴
209 3100 319 3135 κω
357 3094 414 3135 et
453 3095 700 3137 sanctam
743 3094 973 3135 matrem
1019 3084 1329 3145 Ecclesiam,
1373 3094 1426 3133 et
1469 3084 1671 3133 factam
1714 3084 1755 3133 si
1798 3102 1902 3149 qua
1945 3095 2084 3134 esset

75 3162 83 3171 '¹
172 3183 329 3221 ,ιιιιο
356 3166 588 3219 dimittit
615 3178 671 3218 et
698 3167 866 3219 abicit
895 3186 1018 3217 cum
1047 3168 1260 3218 effectu.

66 3302 71 3318 ζ
118 3313 130 3325 ,
175 3239 394 3312 {Quibus
424 3251 663 3302 articulis
695 3250 943 3316 specifice
977 3260 1038 3299 ut
1071 3250 1406 3315 premittitur
1435 3249 1643 3310 iuratis,
1664 3249 1803 3298 idem
1838 3250 2086 3301 dominus

2 3347 5 3355 ’
91 3335 94 3342 ²
218 3338 301 3383 ter
334 3350 476 3400 papa
513 3351 659 3384 more
696 3333 769 3399 pii
806 3333 975 3399 patris
1012 3332 1218 3382 dictum
1258 3334 1479 3383 fratrem
1522 3332 1849 3396 Raphaelem
1888 3332 2086 3383 miseri·

71 3413 114 3485 ’7
149 3435 187 3451 -ῑι
223 3413 356 3466 dam
379 3425 435 3466 et
459 3434 568 3467 non
592 3414 853 3466 iudicium
881 3415 1249 3480 postulantem
1277 3434 1305 3465 a
1335 3414 1647 3465 confessatis
1675 3414 1850 3473 dictis,
1872 3425 1926 3463 et
1943 3433 2085 3465 reco-

110 3485 121 3501 ’
155 3493 280 3548 ''tie
310 3498 620 3562 dumtaxat,
654 3510 708 3549 et
741 3499 794 3549 in
828 3499 972 3549 dicta
1008 3500 1194 3549 cedula
1230 3498 1497 3548 contentis
1531 3507 1584 3546 et
1617 3498 1685 3546 ab
1718 3499 2083 3568 excommuni-

183 3577 630 3634 tionissententia
652 3592 707 3631 et
726 3581 842 3632 aliis
865 3581 1013 3646 penis
1034 3591 1088 3630 et
1109 3581 1406 3642 sententiis,
1430 3598 1562 3646 quas
1586 3588 1804 3643 propter
1825 3581 2079 3643 premissa

0 3718 5 3732 ,¹
78 3651 156 3694 ῑ’·“’ ’<
217 3677 277 3713 ea
320 3665 601 3729 tangentia
648 3681 741 3730 per
786 3680 1063 3729 processus
1110 3664 1377 3727 generales
1439 3662 1523 3711 vel
1582 3660 1834 3725 speciales
1896 3673 2080 3715 contra

86 3771 87 3774 =
177 3741 334 3795 belles
373 3746 603 3798 Ecclesie
640 3747 813 3797 factos
850 3745 1092 3807 incurrit,
1131 3745 1526 3811 presencialiter
1573 3742 1823 3804 absolvit,
1877 3743 2084 3808 ipsum·

2 2150 8 2226 ξ
46 2173 51 2178 ,

2 2249 6 2285 i
