2540 4354
941 403 1085 437 snm
1128 403 1253 436 xxix
1991 384 2092 436 109

90 535 236 578 nun
270 516 494 584 quidam
531 517 834 567 fundantur
869 532 1029 581 super
1066 513 1165 564 hiis
1204 531 1308 579 que
1345 513 1457 578 ipse
1493 513 1687 564 nobilis
1725 532 1906 564 eoram
1942 513 2090 564 dicto

106 599 431 670 inquisitore
463 610 527 650 ut
557 615 738 650 eoram
769 615 866 649 suo
899 597 1075 649 iudice
1107 595 1304 646 dicitur
1335 595 1656 646 iudicialiter
1687 596 1849 647 fuisse
1880 597 2086 647 confes·

113 702 228 747 nus,
259 681 464 749 reliqui
484 700 613 732 vero
646 699 806 748 super
838 679 941 732 hiis
974 697 1079 745 que
1113 679 1290 730 dictus
1323 678 1517 729 nobilis
1551 680 1693 729 ultra
1729 689 1984 730 contenta
2034 680 2090 731 in

144 764 381 819 redietis
411 765 528 816 aliis
558 763 798 815 articulis
828 762 1085 814 asseritur
1114 762 1442 814 commisisse
1474 779 1643 827 eaque
1674 762 1729 812 in
1759 781 1854 812 sua
1886 763 2092 813 confes-

102 849 273 903 mione
317 846 627 899 huiusmodi
671 845 1055 913 subpressisse;
1102 846 1357 910 dictoque
1403 844 1570 895 nobili
1616 855 1804 911 postea
1850 863 1880 895 a
1918 845 2091 908 vobis,

97 931 326 988 'oi-dem
360 931 647 983 Carnoten.
682 940 738 980 et
772 929 1178 982 Autisiodoren.
1213 927 1475 994 episcopis
1509 938 1641 978 tunc
1659 928 1992 990 absentibus,
2011 928 2089 978 in·

161 1040 180 1057 -ι
231 1023 396 1081 ogato
419 1031 513 1080 per
535 1013 678 1063 idem
702 1012 1070 1063 iuramentum
1095 1013 1164 1061 ab
1188 1029 1249 1061 eo
1276 1021 1336 1061 ut
1354 1029 1513 1076 supra
1549 1010 1746 1061 dicitur
1793 1010 2086 1077 prestitum

124 1096 604 1166 ’'perseverabat
590 1114 644 1147 ιιι
671 1093 981 1146 huiusmodi
1004 1094 1443 1161 responsionibus
1484 1094 1609 1155 suis,
1652 1105 1748 1145 aut
1787 1094 1831 1144 si
1870 1095 2091 1146 volebat

115 1179 315 1248 quid
351 1180 547 1231 addere
582 1179 668 1230 vel
703 1179 983 1229 detrahere
1024 1188 1121 1228 aut
1159 1187 1367 1227 mutare
1404 1177 1457 1226 in
1492 1177 1618 1239 illis;
1643 1188 1697 1227 et
1730 1178 2088 1243 respondente

149 1263 262 1316 wod
292 1264 674 1330 perseverabat
706 1262 759 1311 in
792 1261 865 1312 eis
899 1261 972 1312 nil
1004 1261 1272 1321 addendo,
1307 1261 1393 1310 vel
1425 1218 1778 1323 detraliendo,
1798 1272 1894 1312 aut
1925 1260 2091 1312 etiam

27 1395 31 1397 a
156 1347 402 1401 utendo.
446 1346 517 1396 Et
555 1347 946 1411 subsequenter
985 1362 1077 1411 per
1115 1344 1294 1409 ipsum
1332 1343 1568 1393 nobilem
1607 1362 1788 1394 coram
1828 1344 1980 1395 vobis
2033 1355 2089 1394 et

31 1448 37 1484 ·,
116 1438 273 1482 cto
306 1428 570 1496 episcopo
618 1429 927 1488 Carnoten.‚
978 1428 1168 1477 eodem
1218 1426 1467 1492 episcopo
1516 1426 1913 1480 Autisiodoren.
1960 1438 2091 1477 tunc

134 1524 139 1525 ’
176 1521 363 1574 ·ente,
392 1511 618 1578 prestito
647 1513 713 1563 de
740 1530 885 1563 mera
914 1521 968 1560 et
996 1511 1154 1576 plena
1184 1509 1414 1559 veritate
1442 1509 1687 1570 dicenda,
1717 1529 1876 1576 super
1904 1521 2090 1561 sancta

31 1606 35 1610 ”
109 1597 163 1664 ἷῦ
186 1594 222 1646 i
261 1595 538 1660 evangelia
581 1612 611 1645 a
654 1613 708 1644 se
751 1604 901 1644 tacta
946 1592 1294 1659 corporaliter
1338 1593 1664 1654 iuramento,
1723 1612 1818 1643 vos
1874 1604 1928 1643 et
1983 1594 2095 1659 ipse

36 1695 41 1697 *
111 1667 408 1745 [stamen.
440 1677 723 1744 episcopus
755 1676 1129 1742 interrogastis
1162 1677 1394 1726 eundem
1428 1676 1662 1725 nobilem
1682 1695 1839 1743 super
1864 1676 2094 1726 veritate

122 1748 433 1813 'aetorum
419 1779 474 1811 ιιι
498 1759 656 1811 certis
680 1760 880 1810 eisdem
905 1758 1143 1810 articulis
1168 1769 1571 1819 contentorum,
1617 1778 1718 1824 que
1744 1778 1925 1810 coram
1949 1760 2093 1823 dicto

151 1842 438 1910 ·quisitore
474 1843 636 1894 fuisse
673 1843 949 1894 confessus
986 1842 1313 1909 exprimitur
1349 1842 1402 1891 in
1439 1841 1656 1903 eisdem,
1694 1861 1755 1892 ae
1792 1860 1950 1908 super
2000 1842 2099 1893 hiis

166 1924 270 1977 tis
304 1925 747 1993 responsionibus
786 1944 878 1992 per
914 1926 1150 1976 nobilem
1207 1926 1574 1986 antedictum3
1612 1925 1844 1991 receptis
1882 1945 2097 1990 quoque
2140 1942 2145 1947 ·

130 2063 142 2066 „
165 2009 527 2060 examinatis
558 2009 841 2075 diligenter
860 2009 1188 2075 quibusdam
1207 2009 1439 2058 testibus
1459 2027 1551 2073 per
1583 2028 1716 2073 quos
1737 2008 2099 2060 verisimiliter

111 2094 148 2141 ‘e
185 2091 415 2144 debatis
449 2091 740 2145 veritatem
778 2091 832 2142 in
870 2091 1019 2142 dicto
1055 2091 1271 2157 negotio
1312 2110 1468 2157 posse
1491 2091 2101 2157 meliusinvenirisuper

83 2231 91 2241 ..
151 2198 158 2213 ·
212 2172 363 2226 'culis
397 2175 728 2237 memoratis,
765 2194 795 2226 a
831 2176 1063 2226 testibus
1098 2175 1245 2242 ipsis,
1283 2186 1531 2241 presente
1567 2185 1720 2241 parte
1739 2175 1931 2225 nobilis
1950 2186 2101 2226 ante·

43 2254 47 2258 ⁴
128 2265 139 2272 ”
206 2255 269 2320 ti,
317 2258 569 2325 primitus
621 2259 779 2310 solito
831 2260 896 2309 de
947 2259 1179 2309 veritate
1230 2258 1458 2308 dicenda
1509 2258 1815 2310 iuramento
1864 2269 2100 2324 recepto,

220 2340 409 2392 eadem
453 2341 620 2393 etiam
663 2352 818 2408 parte
861 2352 1110 2408 presente
1152 2342 1393 2407 ipsorum
1437 2342 1885 2392 attestationibus
1930 2341 2101 2407 publi·

146 2479 153 2486 ⁸
187 2421 287 2486 tis3
317 2442 441 2475 eum
471 2424 616 2475 idem
646 2425 936 2491 inquisitor
966 2427 1133 2475 nollet
1165 2425 1444 2476 nominare
1476 2425 1711 2490 aliquem
1765 2426 1847 2474 vel
1893 2425 2102 2490 aliquos
2185 2486 2195 2498 δ

64 2571 67 2574 .
184 2514 294 2557 ntes
331 2507 401 2558 ad
440 2506 857 2559 instructionem
898 2508 1066 2559 vestri
1107 2508 1266 2558 officii
1307 2526 1467 2574 super
1519 2508 1736 2573 negotio
1777 2519 2101 2570 memorato;

9 2580 13 2588 ⁸
63 2607 66 2609 ·
212 2598 404 2640 eontra
439 2591 823 2642 attestationes
861 2592 1077 2642 easdem
1115 2590 1259 2641 datis
1310 2590 1639 2655 quibusdam
1690 2590 2099 2656 exceptionibus

130 2721 146 2726 ι,
213 2672 484 2725 nonnullis
526 2674 806 2741 scripturis
849 2675 906 2725 in
963 2675 1109 2724 dicto
1168 2674 1390 2739 negocio
1450 2673 1727 2738 productis
1787 2692 1882 2739 pro
1943 2684 2100 2739 parte

125 2819 132 2829 .
211 2752 315 2808 'fs
336 2755 764 2822 prelibati3etin
783 2758 972 2808 eodem
1018 2757 1236 2822 negotio
1269 2758 1337 2808 ad
1383 2757 1823 2808 informationem
1858 2768 2095 2809 vestram

11 2876 14 2888 .
126 2835 152 2853 ⁴·
236 2846 390 2903 parte
419 2838 586 2906 ipsius
617 2840 811 2892 nobilis
845 2841 1174 2907 quibusdam
1219 2839 1634 2905 allegationibus
1668 2839 1824 2889 factis
1843 2850 1896 2887 et
1929 2839 2100 2901 datis3

11 2944 13 2954 ⁴
70 2919 79 2949 ·’
174 2909 440 2972 *demum
475 2922 621 2974 facta
658 2923 814 2974 nobis
852 2942 946 2990 per
983 2942 1078 2974 vos
1115 2941 1275 2989 super
1313 2921 1582 2988 premissis
1620 2922 1870 2971 omnibus
1907 2932 1961 2971 et
1998 2922 2101 2971 sin·

70 2991 75 2999 ’
151 2995 167 3009 ”
218 2998 232 3013 ‘
300 3003 562 3056 relatione
606 3006 846 3073 plenaria
893 3017 948 3056 et
997 3007 1158 3067 fideli,
1205 3024 1302 3056 nos
1347 3006 1710 3066 intendentes,
1737 3015 1899 3070 prout
1945 3003 2103 3054 officii

160 3092 199 3118 'v
278 3083 298 3135 i
334 3086 582 3139 debitum
621 3089 806 3155 exigit,
849 3100 911 3140 ut
952 3090 1272 3155 premissum
1313 3088 1591 3153 negotium
1611 3089 1871 3138 suadente
1891 3087 2101 3139 iusticia

200 3198 220 3207 =·
247 3167 520 3221 '-ntialiter
560 3172 901 3232 terminetur,
948 3171 1281 3223 fraternitati
1327 3181 1503 3220 vestre
1551 3172 1614 3220 de
1661 3171 1953 3220 eorundem
1998 3171 2105 3219 fra-

68 3256 71 3259 ’
221 3239 276 3301 ἸΙΙ
304 3252 524 3305 consilio
555 3272 649 3321 per
678 3256 976 3321 apostolica
1009 3256 1209 3321 scripta
1242 3254 1635 3305 committimus
1680 3264 1734 3302 et
1780 3254 2101 3304 mandamus

14 3328 16 3330 ’
71 3348 75 3351 ’
236 3331 386 3387 tinus
415 3336 471 3387 in
506 3336 626 3404 ipso
654 3339 874 3404 negotio
909 3340 976 3390 ad
1032 3339 1287 3389 ulteriora
1331 3338 1476 3403 apud
1531 3338 1759 3387 eandem
1791 3337 2000 3395 sedem,
2042 3346 2103 3386 ut

193 3405 380 3467 ‘ire
419 3417 696 3481 videbitis,
740 3422 1093 3486 procedentes
1135 3431 1188 3470 et
1244 3421 1505 3470 habentes
1561 3437 1652 3483 pre
1708 3418 1873 3468 oculis
1927 3418 2101 3467 solum

198 3531 201 3534 -
229 3513 331 3560 m;
359 3516 422 3550 ac
451 3501 702 3552 omnibus
731 3502 785 3552 in
816 3503 1032 3567 negotio
1066 3502 1306 3570 predicto
1338 3500 1598 3561 actitatis,
1632 3500 1848 3562 habitis,
1880 3510 1934 3549 et
1983 3519 2103 3566 pro-

92 3591 110 3620 ἰ
170 3609 188 3633 ,π
207 3576 308 3630 etis
332 3590 387 3631 et
412 3584 860 3635 attestationibus
887 3585 1176 3636 antedictis
1204 3582 1449 3647 diligenti
1475 3582 1875 3633 examinatione
1902 3582 2103 3633 discus-

253 3670 321 3738 et·
338 3675 501 3730 prout
530 3666 676 3718 tanti
707 3667 913 3733 negocii
945 3667 1181 3733 qualitas
1214 3665 1401 3730 exigit,
1425 3675 1479 3714 et
1511 3664 1910 3715 communicato
1943 3683 2103 3730 super

238 3744 455 3797 oonsilio
487 3748 803 3814 peritorum,
837 3760 889 3800 et
922 3768 1081 3816 super
1113 3749 1212 3799 illis
1245 3748 1451 3814 digesta
1486 3746 1869 3797 deliberatione
1901 3736 2104 3811 secuta,

11 479 86 712 5

12 697 110 850 5

13 860 25 1020 5

14 1023 131 1238 5
