2540 4354
423 376 526 428 228
810 397 1097 429 BULLAIRE
1141 398 1214 429 DE
1241 380 1655 440 L’1NQ1JISIT10N
1698 398 2016 441 FRANQAISE

423 511 707 576 suggessit.
762 515 917 563 Hanc
957 513 1123 578 igitur
1166 515 1526 579 apostolicam
1568 514 1931 581 disciplinam,
1983 513 2124 563 sieut
2165 513 2431 562 miranter

427 596 756 656 audivimus,
805 599 1167 662 Raymundus
1216 599 1485 661 Riccardi,
1512 600 1575 649 de
1611 599 1890 665 provincia
1927 597 2208 649 Provincie
2246 597 2432 646 oriun-

422 680 541 741 dus,
576 680 776 731 ordinis
810 681 1044 732 fratrum
1081 683 1371 746 minorum,
1406 684 1629 734 minime
1661 683 2072 750 apprehendens
2106 700 2170 731 ne
2205 683 2428 748 quando

419 763 740 815 irasceretur
771 766 1038 817 Dominus
1069 778 1261 818 contra
1289 786 1414 818 eum
1442 779 1497 817 et
1526 770 1589 818 de
1617 768 1706 819 via
1734 767 1877 818 iusta
1906 769 2089 833 lapsus
2117 767 2172 817 in
2200 766 2423 817 devium

421 850 706 914 deperiret,
736 852 1014 916 quoddam
1042 852 1303 915 libellum,
1332 854 1463 902 dum
1489 863 1629 902 esset
1658 852 1913 913 ParisiUS,
1941 854 2003 901 de
2031 851 2237 900 erronei
2255 851 2425 902 cordis

424 934 628 983 archivi
679 935 876 985 dicitur
926 935 1218 988 fabricasse
1269 937 1324 987 in
1377 956 1482 1003 quo
1535 938 1695 988 multi
1758 948 1813 987 et
1863 937 2001 987 varii
2077 937 2427 987 continentur

420 1037 648 1082 errores3
705 1020 1022 1086 dictumque
1076 1022 1319 1096 libellum
1373 1042 1481 1074 una
1539 1041 1661 1072 cum
1718 1022 2047 1088 quibusdam
2100 1021 2296 1072 litteris
2352 1022 2420 1073 ad

421 1104 982 1170 Montepessulanum,
1018 1107 1415 1170 Magalonensis
1464 1107 1709 1170 diocesis,
1770 1107 1911 1157 sicut
1970 1107 2158 1169 fertur,
2221 1117 2423 1156 temere

416 1190 746 1251 destinavit3
782 1208 849 1239 e·x
885 1191 1035 1240 cuius
1073 1191 1327 1241 missione
1361 1191 1528 1242 libelli
1563 1202 1788 1258 propter
1823 1191 1996 1240 dictos
2047 1209 2248 1241 errores
2299 1209 2426 1240 con·

413 1284 596 1323 tentos
642 1274 698 1323 in
742 1292 803 1323 eo
849 1275 1067 1325 indicto
1113 1277 1229 1326 loco
1271 1276 1751 1342 Montispessulani
1785 1294 2062 1341 magnum,
2102 1286 2164 1325 ut
2209 1276 2424 1341 dicitur,

415 1360 734 1410 scandalum
782 1371 865 1409 est
912 1372 1182 1412 exortum.
1236 1361 1372 1424 Quia
1420 1361 1586 1426 igitur
1634 1363 1697 1411 de
1746 1361 1979 1412 veritate
2042 1360 2424 1426 premissorum

412 1463 507 1509 per
542 1446 774 1495 eundem
813 1447 1210 1511 Raymundum
1245 1448 1498 1497 volumus
1533 1446 1835 1509 informari,
1872 1445 2211 1496 fraternitati
2243 1456 2421 1496 vestre

414 1547 507 1593 per
539 1529 839 1595 apostolica
873 1531 1076 1597 scripta
1110 1533 1437 1582 mandamus
1473 1531 1733 1597 quatinus
1765 1547 1862 1581 vos
1896 1531 1981 1580 vel
2012 1531 2119 1580 duo
2153 1540 2250 1580 aut
2280 1549 2422 1580 unus

412 1623 658 1664 vestrum
700 1634 793 1681 per
835 1634 950 1677 vos,
995 1617 1082 1666 vel
1121 1635 1215 1683 per
1234 1617 1420 1679 alium,
1463 1635 1558 1666 seu
1575 1616 1706 1667 alios
1748 1617 1983 1666 eundem
2010 1616 2422 1681 Raymundum‚

411 1698 641 1764 Neapoli
689 1699 830 1749 sicut
879 1701 1189 1767 accepimus
1240 1712 1693 1766 commorantem,
1737 1700 2145 1767 quamprimum
2174 1700 2420 1765 poteritis

410 1793 534 1847 post
592 1785 962 1850 receptionem
1024 1786 1380 1851 presentium,
1442 1786 1804 1852 peremptorie
1866 1803 1934 1835 ex
1992 1795 2147 1850 parte
2236 1795 2420 1835 nostra

407 1866 587 1917 citetis
624 1879 686 1918 ut
719 1869 859 1921 infra
896 1870 1130 1921 duorum
1178 1871 1447 1921 mensium
1494 1871 1738 1937 spatium
1786 1880 1912 1936 post
1958 1869 2278 1920 citationem
2327 1887 2420 1919 ve-

412 1961 586 2002 stram
617 1972 739 2004 cum
786 1954 1030 2019 predicto
1076 1955 1254 2005 libello
1287 1955 1640 2021 personaliter
1685 1955 1982 2021 apostolico
2011 1973 2063 2004 se
2112 1954 2422 2018 conspectui

409 2049 767 2101 representet,
800 2039 998 2089 nostris
1030 2050 1085 2089 et
1115 2040 1410 2106 apostolice
1444 2041 1592 2090 Sedis
1624 2058 1784 2106 super
1826 2039 2098 2106 premissis
2145 2037 2419 2089 mandatis

411 2131 466 2169 et
505 2122 859 2193 beneplacitis
898 2125 1173 2190 pariturus
1227 2136 1282 2175 et
1336 2126 1466 2176 alias
1505 2143 1666 2191 super
1715 2125 1814 2175 hiis
1865 2125 2114 2175 facturus
2164 2134 2219 2172 et
2271 2141 2417 2174 acce-

407 2215 600 2269 pturus
653 2209 798 2273 quod
849 2209 962 2258 eius
1013 2227 1173 2274 super
1218 2210 1318 2260 hiis
1371 2210 1563 2261 merita
1614 2211 1701 2260 vel
1737 2209 2001 2260 demerita
2037 2208 2414 2274 postulabunt.

410 2289 565 2339 Diem
610 2309 737 2340 vero
783 2291 1096 2342 huiusmodi
1140 2294 1416 2345 citationis
1461 2304 1516 2343 et
1571 2294 1806 2344 formam
1850 2304 1904 2342 et
1950 2292 2215 2359 quidquid
2260 2309 2419 2356 super

410 2373 508 2423 hiis
567 2375 832 2426 duxeritis
890 2377 1204 2427 faciendum
1261 2379 1416 2428 nobis
1475 2397 1570 2444 per
1625 2389 1836 2429 vestras
1895 2387 2148 2443 patentes
2205 2377 2413 2426 litteras

405 2455 600 2508 harum
637 2460 829 2510 seriem
864 2462 1226 2525 continentes,
1277 2463 1599 2529 quantotius
1649 2463 1904 2513 intimare
1954 2461 2259 2512 curetis.—
2307 2461 2412 2510 Da-

403 2553 523 2592 tum
562 2544 835 2608 Avinioni,
874 2547 1028 2596 nonis
1068 2547 1212 2609 maii,
1251 2566 1393 2598 anno
1432 2549 1685 2598 secunde.

461 2677 502 2718 1.
536 2677 564 2719 J
568 2691 652 2720 ean
672 2678 834 2732 Orsini,
857 2680 1091 2734 chapelain
1111 2681 1173 2722 du
1193 2695 1326 2736 pape,
1347 2695 1508 2735 promu
1527 2681 1567 2722 le
1588 2683 1640 2722 23
1663 2682 1897 2723 decembre
1917 2682 2050 2731 1327;
2072 2689 2193 2722 mort
2213 2695 2267 2722 en
2286 2682 2414 2723 1358.

400 2747 558 2801 Eubel,
588 2749 730 2803 Hier„
762 2765 806 2804 p.
838 2751 938 2792 376.

461 2819 499 2858 2.
535 2818 729 2873 Nicolas‚
751 2822 922 2874 eveque
942 2823 997 2863 de
1018 2823 1259 2877 Bisignano
1278 2823 1318 2878 (2
1341 2825 1454 2866 avril
1468 2824 1616 2877 1319),
1638 2824 1738 2878 puis
1759 2825 1815 2865 de
1838 2825 1948 2865 Nole
1969 2823 2038 2878 (22
2057 2824 2239 2865 octobre
2257 2823 2409 2878 1331);

397 2896 517 2928 mort
545 2903 600 2929 en
628 2890 754 2950 1340.
789 2891 944 2945 Eubel‘
975 2893 1117 2946 Hier„
1148 2902 1181 2935 t.
1212 2909 1244 2947 1,
1273 2909 1316 2948 p.
1347 2895 1447 2948 140,
1476 2896 1574 2936 387.

454 2961 493 2999 3.
513 2959 628 3000 Jean
651 2961 707 3001 de
732 2961 883 3011 Paolo,
908 2964 1078 3016 eveque
1102 2963 1157 3002 de
1181 2964 1323 3017 Sessa,
1351 2966 1511 3019 depuis
1535 2966 1659 3006 1330.
1689 2966 1841 3018 Gams,
1858 2965 1998 3006 Series
2015 2966 2163 3019 episc„
2185 2980 2227 3019 p.
2248 2965 2343 3008 921.

1239 3366 1564 3425 —152—

474 3527 730 3593 L’official
788 3526 1108 3592 d’Avignom
1160 3529 1459 3580 Guillaume
1518 3531 1796 3591 Lombard,
1857 3531 2009 3592 recoit
2068 3530 2403 3580 commission

393 3613 451 3660 de
493 3611 625 3675 faire
667 3609 852 3674 justice
895 3612 981 3661 des
1025 3613 1207 3663 crimes
1275 3614 1499 3680 impute's
1542 3618 1574 3664 ἀ
1625 3615 1923 3666 Guillaume
1965 3615 2191 3680 Altafeae,
2238 3618 2401 3665 necro-

395 3695 632 3744 mancien
667 3694 894 3758 anglaiS,
934 3696 1190 3748 ιἠοανοὲνέ
1247 3699 1379 3749 dans
1414 3700 1484 3749 les
1518 3699 1728 3764 prisone
1761 3702 1994 3766 papales.
2032 3730 2100 3735 —
2134 3699 2400 3764 Avignon,

393 3780 470 3827 1er
499 3779 616 3843 juin
648 3778 796 3828 1336.
