2540 4354
940 407 1155 447 senon·
1195 409 1277 446 κη
1994 389 2099 447 259

113 522 279 580 saluti
323 522 561 574 humane
605 522 819 575 invidet
863 523 918 575 in
963 541 1198 576 errorem
1243 525 1455 577 iudaice
1501 525 1746 578 cecitatis
1805 525 2098 593 pristinum

70 662 74 663 ⁷
110 619 377 675 tanquam
408 606 555 659 canis
587 607 656 659 ad
702 608 973 659 vomitum
1004 608 1145 659 sicut
1189 609 1446 660 asseritur
1489 620 1572 660 est
1616 610 1927 674 subversus,
1973 627 2097 661 cum

110 690 286 744 iudeis
321 689 376 740 in
419 690 704 742 Dalfinatu
741 708 836 742 seu
886 691 1155 743 comitatu
1208 692 1478 743 Sabaudie
1545 693 1630 742 vel
1703 690 2099 744 circumvicinis

71 797 74 802 ·
112 773 365 844 partibus
394 773 593 838 iugiter
620 774 1013 837 conversando,
1046 775 1288 842 providit
1318 776 1542 827 dilectos
1577 776 1712 828 filios
1746 775 2101 829 Ramundum

80 856 338 921 >Raboti,
391 857 723 909 monachum
776 858 1091 909 monasterii
1142 859 1194 910 S.
1242 859 1670 930 Euticu-ordinis
1713 860 1764 912 S.
1802 858 2105 922 Benedicti,

116 939 393 1009 Spoletan.
448 941 520 1003 di,
569 951 628 992 et
679 942 1035 993 Laurentium
1091 942 1412 1006 Raimberti,
1475 944 1692 1006 laicum,
1750 944 1925 995 civem
1976 942 2106 994 Avi-

78 1020 82 1086 J
115 1023 353 1087 nionen.,
423 1024 755 1076 exhibitores
827 1026 1162 1092 presentium
1232 1027 1605 1090 destinandos,
1688 1026 2104 1079 universitatem

75 1107 78 1110 ’
116 1117 360 1160 vestram
387 1125 660 1173 rogamus,
692 1127 993 1171 monemus,
1023 1110 1347 1176 requirimus
1376 1121 1433 1161 et
1460 1111 1515 1162 in
1562 1111 1793 1162 Domino
1836 1109 2104 1162 attentius

117 1190 475 1243 exhortamur
517 1192 777 1261 quatinus
818 1192 1047 1260 prefatis
1090 1194 1357 1245 monacho
1398 1204 1454 1254 et
1495 1194 1600 1245 civi
1640 1212 1704 1246 ac
1756 1212 1944 1246 eorum
1997 1191 2106 1244 cui·

80 1291 94 1346 s
119 1272 275 1345 iibet,
310 1285 374 1326 ut
405 1275 641 1326 eundem
677 1275 966 1327 Alionsum
1002 1294 1193 1344 capere
1229 1295 1354 1328 cum
1390 1278 1641 1329 omnibus
1689 1277 1844 1329 bonis
1892 1277 2000 1329 suis
2048 1286 2105 1327 et

118 1356 190 1411 id
229 1357 507 1426 prefatum
547 1358 928 1427 inquisitorem
968 1361 1239 1412 adducere
1280 1361 1573 1413 valeant...¹
1612 1361 1754 1412 sicut
1793 1379 1890 1414 vos
1930 1360 2110 1427 requi-

84 1447 89 1458 ”
118 1438 308 1492 sierint
341 1441 612 1494 assistatis
647 1441 832 1510 eisque
869 1444 1122 1511 prestetis
1159 1445 1298 1496 circa
1317 1445 1420 1496 hoc
1437 1445 2023 1509 auxilium‚consilium
2055 1453 2112 1495 et

99 1522 429 1576 -iavoremm
460 1554 529 1562 —
556 1526 763 1578 Datum
793 1527 1068 1590 Avinioni,
1098 1547 1138 1579 ιι
1169 1545 1343 1579 nonas
1370 1528 1503 1590 iulii,
1532 1546 1674 1579 anno
1720 1538 1935 1594 quarto.

180 1693 222 1736 1.
251 1693 358 1736 Voir
384 1710 426 1736 n.
454 1695 503 1736 91
551 1695 650 1737 120.

970 2111 1287 2171 —172—

142 2351 145 2354 Α
210 2271 284 2325 Le
306 2290 446 2340 pape
471 2272 688 2324 reclamo
713 2291 821 2324 aux
846 2272 1066 2325 vicaires
1095 2276 1356 2338 gener-aux
1381 2274 1442 2325 dc
1471 2273 1828 2338 Maguelonne
1853 2283 1898 2323 et
1923 2275 1957 2323 ὰ
1985 2272 2123 2338 Ray·

46 2379 54 2398 «ψ
197 2356 290 2408 nd
322 2356 502 2423 Psyra,
538 2356 783 2423 seigneur
815 2356 1084 2422 d'Agoull,
1122 2358 1192 2408 les
1228 2363 1405 2424 proces
1439 2358 1566 2424 faits
1602 2374 1701 2423 par
1735 2357 1806 2407 les
1856 2355 2006 2421 juges
2054 2356 2116 2406 de

60 2478 61 2481 =
127 2457 157 2502 1‘
217 2439 360 2492 curie
391 2439 637 2492 seculidre
669 2440 743 2491 du
777 2441 993 2492 chdtcau
1026 2440 1087 2491 de
1123 2441 1339 2492 Brissac
1371 2444 1405 2492 ὰ
1440 2441 1566 2492 trois
1600 2440 1860 2501 sor-clercs,
1896 2457 1969 2490 au
2003 2442 2116 2505 prd-

130 2529 177 2560 ³„
208 2550 211 2556 f
238 2521 306 2576 ’cs
334 2523 396 2576 ds
425 2523 783 2591 l’inquisiteur
811 2524 873 2575 de
904 2525 1278 2577 Carcassonne.
1300 2524 1652 2590 —Avignon,
1685 2524 1752 2575 23
1787 2542 1928 2576 mars
1964 2522 2116 2575 1339.

132 2620 161 2675 ¹⁴³
481 2657 584 2711 Reg.
608 2658 760 2712 Auen„
784 2666 816 2699 t.
842 2672 938 2711 un,
960 2658 1035 2699 fol.
1059 2659 1140 2699 143
1165 2663 1235 2707 v⁰;
1258 2659 1360 2710 Reg.
1388 2658 1502 2711 Vae„
1525 2665 1558 2699 t.
1582 2670 1760 2710 cxxvn,
1783 2671 1827 2699 n.
1849 2657 1948 2699 306.

188 2765 440 2832 'Dilectis
478 2774 599 2827 filiis
635 2776 849 2827 vicariis
885 2776 1103 2827 ecclesie
1143 2776 1479 2841 Magalonen.
1517 2785 1574 2825 et
1608 2774 1776 2826 nobili
1812 2774 1927 2825 viro
1982 2775 2125 2840 Ray·

79 2848 81 2850 ’
250 2858 342 2911 ·do
382 2858 546 2922 Petri,
587 2859 765 2923 militi,
805 2859 1028 2911 domino
1067 2859 1319 2925 Agautici
1357 2858 1395 2922 ¹,
1437 2857 1831 2924 Magalonensis
1882 2857 2126 2920 diocesis,

143 2943 149 2949 ”
219 2951 387 3006 ntem,
430 2953 535 2995 etc.
593 2970 662 2980 -
701 2943 785 2994 Ad
847 2944 1187 2996 audientiam
1250 2942 1591 3010 apostolatus
1649 2941 1821 2993 nostri
1879 2941 2128 3008 pervenit

82 3034 90 3063 “-
194 3024 286 3078 od
311 3043 486 3093 nuper
513 3026 570 3078 in
599 3036 779 3078 castro
809 3026 876 3077 de
905 3027 1156 3079 Brixiaco
1187 3026 1226 3090 ⁸,
1247 3025 1585 3091 Magalonen.
1618 3024 1949 3090 diocesis,ad
1964 3024 2127 3075 eccle-

155 3109 169 3137 ‘³
222 3124 276 3160 ln
316 3108 653 3175 Magalonen.
695 3120 751 3161 et
790 3120 864 3173 te,
909 3109 985 3160 fili
1029 3109 1373 3176 Raymunde‚
1417 3108 1778 3159 communiter
1794 3108 2125 3174 pertinente,

175 3216 211 3257 ,⁵
257 3192 525 3259 quosdam
547 3193 751 3244 iudices
776 3194 1040 3246 seculares
1068 3194 1372 3245 communis
1398 3193 1542 3243 curie
1568 3192 1853 3259 utriusque
1878 3201 2123 3242 vestrum
2166 3239 2182 3254 ,

98 3342 102 3343 ⁷
235 3273 308 3327 tri
349 3275 579 3342 predicti
624 3286 814 3328 contra
861 3278 1140 3343 quondam
1190 3275 1506 3328 Michaelem
1555 3274 1809 3326 Gauterie
1854 3283 1910 3324 et
1947 3273 2131 3324 Erme-

168 3365 237 3399 Ὅ·
275 3383 280 3396 =
312 3375 388 3408 m
424 3358 490 3409 de
526 3358 777 3411 Cornutis
811 3370 868 3410 et
906 3362 1173 3425 Agnetem
1212 3359 1452 3424 Fabrice,
1491 3357 1758 3420 mulieres,
1776 3367 1839 3407 ut
1855 3357 2140 3430 asseritur,

100 3470 103 3477 ·
264 3438 276 3451 '
297 3456 422 3505 eges
455 3451 511 3492 et
545 3443 836 3507 maleficas,
873 3454 1050 3494 certus
1086 3443 1306 3494 habitus
1339 3451 1423 3492 est
1457 3458 1734 3508 processus
1752 3450 1807 3490 et
1840 3450 2135 3494 contraeas

103 3587 118 3591 v
182 3521 647 3591 ‘dampnationis
695 3527 966 3578 sententia
1016 3526 1359 3593 promulgata
1406 3535 1462 3574 et
1509 3523 1818 3574 executioni
1866 3523 2127 3575 mandata

101 3596 125 3661 ’
237 3605 589 3672 preiudicium
629 3609 812 3660 dilecti
854 3610 997 3661 filii..
1031 3610 1052 3639 ³
1091 3608 1424 3675 inquisitoris
1464 3607 1698 3658 heretice
1738 3606 2028 3672 pravitatis
2070 3606 2126 3656 in

100 3697 127 3760 ’
218 3688 586 3742 ·s1oFrancie
642 3710 735 3758 per
791 3693 984 3743 Sedem
1052 3692 1411 3759 apostolicam
1479 3690 1732 3756 deputati
1802 3690 2128 3741 Carcassone

130 3765 443 3825 'dentis.
492 3773 628 3834 Cum
673 3776 838 3842 igitur
885 3776 1043 3826 certis
1090 3794 1159 3826 ex
1204 3775 1381 3828 causis
1428 3773 1658 3825 velimus
1707 3772 1772 3822 de
1821 3771 2139 3824 huiusmodi
