2540 4354
443 347 545 400 516
834 364 1122 398 BULLAmE
1157 364 1230 395 DE
1268 346 1685 403 L’INQUISITION
1724 362 2042 404 FRANQAISE

1288 602 1365 610 —
1404 569 1608 627 VII—

509 734 770 795 Francois
818 733 1017 793 Borrel,
1068 731 1391 797 inquisiteur
1421 731 1480 780 de
1512 733 1790 793 Provence,
1825 731 1896 781 du
1924 732 2217 797 Dauphine'
2247 743 2292 782 et
2323 732 2451 783 dela
2530 756 2540 786 s,

435 819 642 880 Savoie,
687 819 875 868 absout
918 834 1018 866 une
1058 815 1244 880 femme
1284 816 1344 865 de
1374 815 1721 865 l'accusation
1739 815 1991 865 d'he're'sie
2009 816 2259 866 vaudoise
2277 821 2448 881 porte'e
2527 797 2540 841 ᾗ·

434 915 606 954 contre
637 902 745 963 elle,
780 900 1088 951 accusation
1118 900 1242 950 dont
1272 901 1364 949 elle
1395 899 1516 949 s’est
1547 900 1686 949 lave'e
1717 917 1817 964 par
1847 900 2138 965 purgatiori
2155 900 2448 966 canonique

442 988 543 1037 «de
587 986 817 1051 septima
863 983 1266 1035 manu».Mais
1285 1002 1479 1033 comme
1523 984 1615 1033 elle
1662 983 1948 1048 negligeait
1979 984 2038 1034 de
2067 984 2360 1049 frequenter
2376 985 2446 1034 les

431 1080 747 1121 sacrements
793 1069 853 1119 dc
900 1060 1147 1133 l’Eglise,
1196 1057 1561 1133 l'i'nquisiteur
1606 1067 1819 1132 l'oblige
1863 1071 1896 1117 ὰ
1940 1087 1992 1118 se
2037 1068 2297 1132 confesser-
2342 1079 2386 1118 et
2415 1071 2447 1118 ὰ

430 1154 758 1206 communier
789 1164 971 1219 quatre
1002 1152 1107 1217 sois
1140 1169 1241 1217 par
1273 1170 1360 1201 an.
1396 1180 1465 1186 —
1499 1151 1787 1213 Grenoble,
1822 1153 1870 1202 le
1904 1151 1970 1202 22
2004 1151 2122 1217 juin
2144 1152 2295 1203 1376.

777 1285 988 1326 Instrum.
1021 1284 1215 1337 miscell„
1245 1285 1298 1325 22
1329 1284 1428 1337 juin
1457 1285 1591 1334 1376;
1623 1282 1852 1338 pal-ehem.
1884 1292 2027 1337 ayant
2054 1285 2172 1326 servi
2191 1286 2244 1326 de
2261 1299 2448 1328 couver-

718 1363 819 1397 ture
851 1356 878 1395 a
910 1369 974 1396 un
1005 1354 1116 1396 livre
1149 1355 1204 1396 de
1237 1362 1438 1408 comptes
1458 1353 1488 1395 ¹.

504 1476 565 1527 In
601 1475 825 1527 nomine
868 1474 1091 1526 Domini
1107 1474 1286 1525 nostri
1308 1475 1468 1524 Ihesu
1487 1474 1707 1535 Christi,
1728 1492 1906 1528 amen.
1930 1475 2172 1526 —Anno
2195 1475 2440 1527 eiusdem

431 1559 654 1611 Domini
699 1559 988 1610 millesimo
1033 1559 1422 1610 trecentesimo
1469 1559 1879 1624 septuagesimo
1924 1570 2101 1620 sexto,
2147 1571 2204 1610 et
2234 1559 2321 1610 die
2366 1559 2442 1609 vi·
2496 1596 2514 1602 ›.

427 1645 627 1696 cesima
663 1644 905 1695 secunda
941 1643 1141 1693 mensis
1175 1642 1312 1692 iunii
1346 1643 1708 1707 pontificatus
1742 1643 2079 1695 sanctissimi
2124 1643 2180 1693 in
2227 1643 2440 1695 Christo
2497 1659 2508 1689 ς.

429 1729 599 1794 patris
648 1739 704 1778 et
753 1728 963 1779 domini
1023 1727 1201 1777 nostri
1260 1728 1472 1778 domini
1534 1727 1779 1792 Gregorii
1839 1727 2027 1779 divina
2091 1727 2440 1793 providentia

427 1832 570 1879 pape
612 1813 711 1874 XI,
752 1830 896 1863 anno
937 1823 1114 1864 sexto.
1158 1813 1258 1862 Per
1295 1812 1396 1862 hoc
1435 1830 1654 1877 presens
1690 1812 1973 1878 publicum
2006 1812 2440 1863 instrumentum
2491 1802 2510 1863 ss.

428 1895 645 1946 cunctis
678 1895 1027 1962 presentibus
1059 1905 1115 1944 et
1147 1894 1348 1945 futuris
1381 1895 1628 1946 eiusdem
1659 1895 1854 1946 seriem
1885 1896 2215 1961 inspecturis
2249 1907 2440 1962 pateat
2539 1884 2540 1908 ³

428 1981 718 2031 evidenter
788 1980 916 2046 quia
989 1998 1114 2030 cum
1188 1978 1204 2043 [
2207 1983 2222 2048 ]
2282 1980 2437 2031 nobis
2487 2014 2502 2029 γ,

425 2064 586 2115 fratri
620 2063 912 2117 Francisco
945 2063 1179 2125 Borrilli,
1215 2063 1418 2114 ordinis
1440 2063 1733 2125 minorum,
1767 2082 1918 2115 sacre
1949 2065 2223 2129 theologie
2244 2065 2437 2130 magis-

421 2160 526 2211 tro,
568 2148 885 2214 inquisitori
923 2148 1163 2198 heretice
1202 2148 1516 2212 pravitatis,
1558 2149 1614 2198 i'n
1654 2149 1952 2210 Arelaten.‚
1989 2149 2221 2214 Aquen.,
2273 2150 2438 2199 Ebre-

421 2235 646 2294 dunen.‚
693 2233 957 2283 Viennen.
1000 2243 1056 2282 et
1098 2232 1480 2282 Tarantasien.
1524 2231 1821 2298 provinciis
1862 2243 1920 2282 et
1959 2233 2015 2282 in
2046 2244 2166 2283 toto
2212 2232 2433 2298 Dalphi-

420 2328 559 2368 natu
610 2317 895 2378 Viennen.,
945 2333 1159 2366 necnon
1209 2316 1578 2377 Valentinen.‚
1633 2317 1808 2378 Dien.,
1872 2317 2091 2379 Alboni‚
2143 2316 2432 2378 Sabaudie,

423 2402 761 2462 Gebennen.‚
811 2400 1156 2465 Venayssini,
1207 2400 1494 2451 Provincie
1537 2412 1594 2450 et
1642 2401 2013 2466 Forcalquerii
2058 2401 2431 2462 comitatibus,

420 2485 738 2550 principatu
779 2485 1032 2550 Aurayce
1086 2484 1224 2549 (sic),
1280 2484 1510 2536 civitate
1566 2486 1894 2536 Avinionen.
1936 2498 1991 2536 et
2042 2487 2159 2537 loco
2203 2485 2431 2538 Sallonis

419 2581 474 2619 et
517 2569 678 2619 certis
719 2569 839 2620 aliis
881 2568 1040 2619 terris
1080 2579 1138 2618 et
1177 2569 1307 2619 locis
1351 2570 1688 2620 auctoritate
1731 2581 1919 2620 sancte
1941 2570 2091 2622 Sedis
2134 2570 2431 2636 apostolice
2480 2580 2481 2583 ’

419 2654 732 2720 specialiter
769 2655 1061 2720 deputate,
1100 2664 1156 2702 et
1194 2664 1383 2703 nostro
1423 2671 1575 2704 sacro
1623 2654 2001 2719 Inquisitionis
2043 2655 2219 2704 officio
2238 2654 2429 2706 fuisset

421 2737 663 2802 graviter
696 2739 882 2791 delata
921 2737 984 2785 de
1017 2747 1073 2786 et
1107 2755 1270 2802 super
1303 2736 1445 2791 infra
1479 2737 1698 2804 scriptis
1737 2759 1747 2788 τ
1784 2739 1957 2803 primo
1995 2740 2142 2804 quod
2176 2739 2293 2804 ipsa
2310 2749 2427 2789 erat

421 2823 486 2872 de
521 2822 767 2874 infausta
802 2833 859 2872 et
893 2821 1191 2874 execrabili
1225 2822 1399 2872 heresi
1431 2833 1488 2871 et
1522 2834 1673 2873 secta
1711 2823 2096 2884 Valdensium3
2131 2823 2265 2873 item
2285 2824 2427 2888 quod

419 2924 542 2959 eam
578 2907 931 2972 approbabat
964 2917 1020 2955 et
1054 2906 1325 2959 laudabat
1360 2917 1632 2972 tanquam
1668 2909 1874 2957 bonam
1906 2919 1964 2957 et
1997 2907 2426 2968 sanctam3item

420 2991 566 3055 quod
616 3008 906 3055 nunquam
956 2990 1044 3039 vel
1090 3006 1213 3041 raro
1264 2990 1331 3039 de
1380 3008 1604 3056 corpore
1657 2991 1859 3041 Christi
1893 2991 2426 3052 communicaverat3

418 3073 553 3123 item
600 3074 748 3138 quod
796 3073 1057 3134 moribus,
1107 3073 1351 3137 gestibus
1397 3085 1568 3139 atque
1613 3074 1794 3124 verbis
1840 3076 1909 3124 ab
1938 3075 2155 3125 unitate
2194 3074 2426 3125 Ecclesie

417 3168 537 3210 erat
577 3157 782 3218 divisa3
823 3157 959 3207 item
1000 3157 1147 3221 quod
1189 3158 1254 3207 de
1295 3158 1555 3222 predictis
1595 3169 1716 3211 erat
1756 3159 1977 3225 publica
2019 3176 2130 3208 vox
2168 3170 2224 3209 et
2254 3159 2425 3219 fama3

420 3259 544 3290 cum
589 3241 837 3306 predicta
897 3251 1079 3291 essent
1133 3251 1189 3290 et
1245 3243 1502 3292 cederent
1558 3242 1613 3293 in
1670 3261 1934 3307 magnum
1990 3243 2260 3294 catholice
2303 3240 2426 3292 fidei

418 3325 777 3389 obprobrium
821 3336 878 3374 et
923 3325 1162 3374 multum
1197 3336 1548 3376 sacrosancte
1605 3343 1830 3377 romane
1867 3327 2104 3378 Ecclesie
2136 3327 2424 3393 parvipen-

417 3408 570 3459 dium
615 3427 676 3459 ac
720 3408 897 3458 tocius
944 3407 1213 3458 catholice
1254 3409 1528 3474 religionis
1575 3420 1975 3476 contemptum,
2021 3429 2235 3462 necnon
2266 3425 2424 3476 grave

421 3503 743 3542 cunctorum
804 3492 1153 3545 audientium
1212 3495 1554 3554 scandalum,
1618 3505 1787 3559 atque
1849 3494 2141 3560 multiplex
2171 3490 2423 3559 perniciei

417 3578 750 3641 exemplum,
806 3594 905 3626 nos
959 3575 1254 3640 inquisitor
1308 3578 1557 3641 prefatus
1612 3578 1888 3628 voluimus
1946 3596 2216 3644 propense
2267 3587 2322 3627 et
2358 3592 2421 3625 ex

418 3659 708 3709 commisso
744 3659 901 3709 nobis
938 3659 1112 3709 efficio
1150 3660 1385 3725 experiri
1418 3672 1588 3726 atque
1623 3661 1758 3711 scire
1793 3681 1862 3711 an
1899 3662 2147 3727 predicta
2185 3681 2251 3711 ex
2283 3658 2416 3710 veris

417 3743 777 3805 procederent
820 3754 875 3792 et
918 3754 1107 3792 utrum
1148 3743 1225 3794 sic
1268 3743 1323 3794 in
1364 3744 1442 3795 rei
1482 3744 1721 3795 veritate
1763 3762 1818 3794 se
1859 3745 2126 3796 haberent
2159 3746 2300 3797 sicut
2348 3741 2415 3792 ad
