2540 4354
423 377 526 429 202
814 393 1100 426 Burmann
1142 392 1217 424 DE
1259 372 1674 434 ιἰΝρυιειτιοΝ
1716 391 2034 436 ῈΒΑΝςΑιεΕ

1272 609 1621 669 -139-

491 776 738 842 Ε’ένέᾳιιθ
769 774 828 824 de
862 773 1222 839 Maguelonne
1253 775 1392 823 etant
1423 772 1620 835 absent,
1655 791 1781 823 sans
1813 772 1988 839 espoir
2019 773 2079 823 de
2111 783 2280 823 retour
2309 792 2426 839 pro-

420 860 596 921 chain,
629 860 672 909 le
700 877 839 925 pape
868 858 1081 923 delsigne
1110 858 1333 922 Hagaes
1363 857 1560 922 Anger,
1593 857 1849 908 chanoine
1877 856 1937 907 de
1968 858 2272 918 Narbonne,
2294 876 2428 923 pour

419 946 464 996 le
512 944 796 1009 remplacer
843 942 976 992 dans
1008 940 1234 1007 l’affaire
1267 939 1590 991 d’Adhe'mar
1621 941 1681 992 de
1714 941 1912 992 Mosset
1959 941 1995 992 1.
2047 970 2116 977 —
2160 941 2430 1007 Avignon‚

422 1028 484 1079 13
517 1026 730 1094 ianvier
762 1027 913 1078 1334.

764 1159 870 1212 Reg.
902 1158 1058 1212 Aven„
1091 1165 1125 1200 t.
1161 1171 1438 1200 cccxxxwu
1475 1157 1657 1212 (Bened.
1692 1157 1830 1211 XIII,
1863 1166 1897 1200 t.
1933 1158 2434 1213 Lx1)‚fol.100,Bullae

709 1229 902 1271 Joannis
930 1229 1084 1270 XXII
1093 1244 1103 1278 3
1134 1229 1302 1282 Regest.
1338 1228 1494 1282 Vatia,
1526 1235 1560 1270 t.
1595 1242 1705 1281 cvn,
1738 1243 1781 1270 n.
1815 1229 1919 1278 9763
1951 1228 2099 1282 Vidal,
2130 1229 2300 1282 Procas,
2331 1236 2434 1283 ete„

707 1315 751 1355 p.
789 1301 887 1342 696.

494 1425 625 1474 Ven.
671 1421 828 1473 fratri
874 1420 1127 1483 Guidoni,
1173 1419 1427 1486 episcopo
1475 1420 1684 1481 Elnen.,
1730 1430 1786 1470 et
1829 1418 2175 1481 dilecto'filio
2213 1421 2429 1487 Hugoni

422 1508 656 1574 Augerii,
698 1506 957 1558 canonico
999 1506 1331 1567 Narbonen.,
1371 1505 1624 1566 salutem,
1663 1513 1765 1555 etc.
1805 1533 1874 1540 —-
1912 1505 2135 1555 Dudum
2154 1506 2430 1556 intellecto

422 1593 568 1659 quod
607 1603 687 1654 tu,
728 1592 897 1642 frater
935 1590 1204 1656 episcope,
1246 1600 1434 1639 contra
1475 1589 1714 1639 nobilem
1752 1589 1933 1638 virum
1972 1589 2328 1640 Ademarium
2367 1589 2430 1640 de

423 1678 677 1738 Mosseto‚
712 1676 902 1725 Elnen.
936 1674 1180 1735 diocesis,
1213 1691 1375 1739 super
1406 1673 1564 1722 certis
1597 1672 1850 1738 capitulis
1883 1673 2113 1723 heresim
2144 1684 2198 1723 et
2229 1692 2430 1724 errores

419 1761 777 1827 tangentibus
836 1761 901 1809 de
960 1758 1158 1825 quibus
1215 1758 1360 1808 idem
1417 1756 1742 1807 Ademarius
1800 1769 2086 1824 suspectus
2146 1759 2431 1809 dicebatur

420 1834 669 1909 eizistere,
694 1847 881 1896 volens
905 1845 1213 1911 procedere,
1240 1855 1302 1893 ut
1325 1845 1580 1905 debebas,
1606 1844 1841 1893 eundem
1864 1844 2103 1894 nobilem
2117 1855 2234 1895 tam
2253 1844 2434 1910 vigore

419 1931 731 1982 litterarum
767 1940 1081 1981 nostrarum
1116 1929 1243 1979 inde
1279 1928 1381 1978 tibi
1417 1928 1750 1978 directarum
1788 1947 1955 1993 quam
1990 1928 2104 1978 iure
2141 1929 2434 1995 potestatis

423 2016 691 2066 ordinarie
735 2015 891 2065 citari
933 2014 1135 2064 feceras
1179 2024 1242 2063 ut
1285 2024 1429 2062 certo
1474 2012 1576 2062 sibi
1618 2013 1828 2078 prefixo
1872 2011 2107 2063 termino
2156 2032 2338 2065 coram
2379 2025 2432 2064 te

420 2118 777 2166 responsurus
827 2101 1037 2164 [super]
1087 2095 1246 2148 dictis
1298 2097 1552 2163 capitulis
1603 2108 1962 2162 compareret,
2015 2108 2070 2147 et
2123 2099 2270 2163 quod
2320 2099 2431 2164 ipse

425 2184 747 2235 Ademarius
786 2182 1058 2233 moliendo
1096 2180 1365 2233 declinare
1401 2183 1608 2248 absque
1644 2180 1788 2232 iusta
1826 2192 1881 2230 et
1916 2182 2237 2233 rationabili
2273 2201 2430 2235 causa

423 2269 604 2319 forum
631 2279 792 2318 tuum
819 2285 1007 2334 parere
1036 2266 1287 2316 citationi
1314 2265 1629 2316 huiusmodi
1655 2284 1766 2315 non
1794 2277 2030 2327 curarat,
2063 2285 2160 2317 nos
2189 2268 2431 2318 volentes

425 2354 570 2419 quod
599 2371 760 2419 super
787 2353 978 2402 eodem
1005 2351 1223 2416 negotio
1252 2368 1386 2416 pure
1413 2369 1474 2401 ac
1501 2350 1660 2412 iuste,
1691 2360 1937 2401 cessante
1964 2350 2274 2417 suspicione
2303 2370 2431 2418 qua-

421 2438 573 2499 libet,
607 2438 1009 2503 procederetur,
1043 2454 1165 2486 ven.
1227 2435 1454 2485 fratrem
1487 2445 1739 2484 nostrum
1760 2435 2091 2497 Johannem,
2117 2436 2432 2502 episcopum

425 2523 785 2587 Magalonen.,
826 2521 881 2572 in
922 2520 1113 2571 eodem
1155 2520 1372 2585 negotio
1415 2537 1510 2585 per
1548 2530 1764 2571 nostras
1806 2519 1939 2569 certi
1979 2520 2183 2571 tenoris
2223 2521 2433 2571 litteras

422 2607 681 2657 duximus
724 2606 1152 2670 adiungendum,
1197 2606 1391 2655 dantes
1433 2604 1537 2655 tibi
1576 2614 1632 2654 et
1672 2603 1848 2654 eidem
1889 2604 2144 2670 episcopo
2187 2623 2282 2671 per
2321 2623 2432 2656 eas-

423 2693 547 2741 dem
571 2690 782 2741 litteras
807 2691 862 2739 in
887 2689 1163 2740 mandatis
1190 2699 1252 2738 ut
1275 2699 1337 2738 tu
1362 2699 1417 2738 et
1439 2689 1572 2754 ipse,
1599 2698 1797 2739 vocato
1823 2688 2022 2738 dilecto
2053 2689 2190 2740 filio.
2214 2728 2224 2739 .
2258 2690 2432 2756 inqui-

422 2776 586 2826 sitore
626 2775 861 2825 heretice
901 2773 1194 2840 pravitatis
1234 2773 1289 2823 in
1327 2773 1429 2823 illis
1470 2773 1720 2839 partibus
1760 2773 2095 2824 auctoritate
2134 2773 2432 2839 apostolica

422 2862 710 2926 deputato,
737 2859 824 2909 vel
849 2858 961 2908 eius
988 2857 1132 2907 vices
1162 2867 1398 2923 gerente,
1427 2876 1489 2908 ac
1514 2876 1622 2907 una
1650 2876 1774 2907 cum
1799 2856 1936 2922 ipso,
1962 2857 2017 2908 in
2042 2859 2161 2908 loco
2188 2877 2282 2908 seu
2305 2857 2434 2908 locis

422 2964 531 2995 non
559 2942 824 3010 suspectis
853 2944 917 2992 de
947 2941 1145 3008 quibus
1174 2940 1277 2991 tibi
1305 2960 1367 2992 ac
1395 2941 1542 2992 dicto
1573 2942 1913 3007 Magalonen.
1945 2940 2201 3008 episcopo
2230 2941 2434 2992 videre·

426 3041 534 3092 tur,
565 3028 733 3078 etiam
762 3038 917 3077 extra
947 3037 1158 3076 vestras
1187 3027 1275 3076 vel
1303 3023 1527 3078 alterius
1556 3036 1804 3075 vestrum
1834 3025 2088 3077 civitates
2117 3037 2172 3077 et
2201 3025 2435 3077 dioceses

424 3133 587 3181 super
615 3113 761 3163 dicto
790 3110 1029 3176 negotiO,
1058 3111 1214 3160 iuxta
1244 3121 1459 3161 statuta
1488 3129 1762 3160 canonum
1789 3121 1844 3159 et
1872 3109 2154 3176 privilegia
2184 3128 2431 3161 concessa

424 3199 598 3252 officio
636 3195 1340 3263 Inquisitionissspravitatis
1375 3194 1619 3261 predicte
1652 3196 1876 3245 solerter
1909 3205 1964 3244 et
2002 3195 2234 3246 fideliter
2252 3214 2430 3262 proce-

423 3286 565 3345 dere,
589 3301 651 3334 ac
673 3280 926 3332 habendo
949 3297 1042 3345 pre
1066 3279 1264 3330 occulis
1288 3281 1464 3330 solum
1490 3280 1666 3329 Deum
1690 3280 2158 3345 complementum
2180 3281 2430 3331 exhibere

422 3367 635 3419 iusticie
668 3363 980 3425 studeretis,
1017 3374 1182 3429 prout
1214 3363 1269 3414 in
1303 3363 1502 3414 nostris
1536 3363 1662 3413 inde
1697 3363 1959 3414 confectis
1992 3363 2188 3415 litteris
2223 3365 2430 3431 plenius

424 3452 752 3502 continetur.
794 3449 995 3498 Verum
1033 3466 1156 3496 cum
1191 3447 1345 3512 [orig.
1388 3467 1398 3497 z
1437 3450 1579 3513 tam]
1615 3447 1892 3513 predictus
1932 3448 2272 3513 Magalonen.
2325 3447 2431 3514 epi-

425 3555 619 3601 scopus
643 3535 836 3584 absens
860 3542 914 3581 et
936 3531 990 3580 in
1012 3531 1235 3580 remotis
1260 3531 1508 3596 partibus
1533 3549 1644 3580 esse
1665 3531 1896 3592 dicatur,
1922 3549 2019 3581 nec
2037 3533 2099 3581 de
2122 3532 2233 3583 eius
2254 3531 2428 3582 vicino

425 3620 643 3669 redditu
682 3627 928 3682 speretur
966 3617 1034 3665 ad
1074 3633 1310 3680 presens,
1354 3616 1530 3665 Nos...
1573 3626 1646 3676 te,
1690 3615 1765 3664 fili
1812 3615 1989 3680 Hugo,
2030 3615 2084 3664 in
2123 3616 2431 3666 huiusmodi

427 3702 643 3767 negotio
685 3700 897 3766 prefato
940 3698 1310 3763 Magalonensi
1348 3699 1601 3764 episcopo
1642 3709 1831 3748 tenore
1870 3700 2207 3764 presentium
2246 3702 2428 3751 subro-

430 3805 634 3851 gamus.
671 3783 933 3847 Quocirca
965 3782 1275 3832 discretioni
1308 3793 1486 3832 vestre
1518 3801 1612 3848 per
1642 3783 1942 3848 apostolica
1975 3784 2176 3850 scripta
2210 3785 2429 3836 manda-
