<?xml version="1.0" encoding="UTF-8"?>
<!DOCTYPE html PUBLIC "-//W3C//DTD XHTML 1.0 Transitional//EN"
    "http://www.w3.org/TR/xhtml1/DTD/xhtml1-transitional.dtd">
<html xmlns="http://www.w3.org/1999/xhtml" xml:lang="en" lang="en">
 <head>
  <title>
</title>
<meta http-equiv="Content-Type" content="text/html;charset=utf-8" />
  <meta name='ocr-system' content='tesseract 3.04.00' />
  <meta name='ocr-capabilities' content='ocr_page ocr_carea ocr_par ocr_line ocrx_word'/>
</head>
<body>
  <div class='ocr_page' id='page_1' title='image "./bullairedelinqui00cathuoft/bullairedelinqui00cathuoft_0271.png"; bbox 0 0 2540 4354; ppageno 0'>
   <div class='ocr_carea' id='block_1_1' title="bbox 952 407 2105 461">
    <p class='ocr_par' dir='ltr' id='par_1_1' title="bbox 952 407 2105 461">
     <span class='ocr_line' id='line_1_1' title="bbox 952 407 2105 461; baseline 0.003 -3"><span class='ocrx_word' id='word_1_1' title='bbox 952 423 1097 458; x_wconf 62' lang='lat' dir='ltr'><strong><em>:BAN</em></strong></span> <span class='ocrx_word' id='word_1_2' title='bbox 1140 415 1264 457; x_wconf 69' lang='lat' dir='ltr'><strong><em>xxii</em></strong></span> <span class='ocrx_word' id='word_1_3' title='bbox 2005 407 2105 461; x_wconf 89' lang='grc'><strong><em>177</em></strong></span> 
     </span>
    </p>
   </div>
   <div class='ocr_carea' id='block_1_2' title="bbox 959 623 1288 711">
    <p class='ocr_par' dir='ltr' id='par_1_2' title="bbox 959 623 1288 711">
     <span class='ocr_line' id='line_1_2' title="bbox 959 623 1288 711; baseline 0 -29"><span class='ocrx_word' id='word_1_4' title='bbox 959 623 1288 711; x_wconf 54' lang='lat'><strong>-115÷</strong></span> 
     </span>
    </p>
   </div>
   <div class='ocr_carea' id='block_1_3' title="bbox 0 0 295 4354">
    <p class='ocr_par' dir='ltr' id='par_1_3' title="bbox 0 0 295 4354">
     <span class='ocr_line' id='line_1_3' title="bbox 0 0 276 832; baseline 0 -83"><span class='ocrx_word' id='word_1_5' title='bbox 0 0 276 832; x_wconf 95' lang='lat' dir='ltr'><strong><em>  </em></strong></span> 
     </span>
     <span class='ocr_line' id='line_1_4' title="bbox 0 832 210 1083; baseline 0 -31"><span class='ocrx_word' id='word_1_6' title='bbox 0 832 210 1083; x_wconf 95' lang='lat' dir='ltr'><strong><em>     </em></strong></span> 
     </span>
     <span class='ocr_line' id='line_1_5' title="bbox 0 1083 254 1300; baseline 0 -77"><span class='ocrx_word' id='word_1_7' title='bbox 0 1083 254 1300; x_wconf 95' lang='lat' dir='ltr'><strong><em>   </em></strong></span> 
     </span>
     <span class='ocr_line' id='line_1_6' title="bbox 0 1300 194 1719; baseline 0 -216"><span class='ocrx_word' id='word_1_8' title='bbox 0 1300 194 1719; x_wconf 95' lang='lat' dir='ltr'><strong><em>   </em></strong></span> 
     </span>
     <span class='ocr_line' id='line_1_7' title="bbox 0 1719 274 1887; baseline 0 0"><span class='ocrx_word' id='word_1_9' title='bbox 0 1719 274 1887; x_wconf 95' lang='lat' dir='ltr'><strong><em>   </em></strong></span> 
     </span>
     <span class='ocr_line' id='line_1_8' title="bbox 0 1887 291 2172; baseline 0 -115"><span class='ocrx_word' id='word_1_10' title='bbox 0 1887 291 2172; x_wconf 95' lang='lat' dir='ltr'><strong><em>      </em></strong></span> 
     </span>
     <span class='ocr_line' id='line_1_9' title="bbox 0 2172 285 2473; baseline 0 -168"><span class='ocrx_word' id='word_1_11' title='bbox 0 2172 285 2473; x_wconf 95' lang='lat' dir='ltr'><strong><em>    </em></strong></span> 
     </span>
     <span class='ocr_line' id='line_1_10' title="bbox 0 2473 295 2722; baseline 0 -85"><span class='ocrx_word' id='word_1_12' title='bbox 0 2473 295 2722; x_wconf 95' lang='lat' dir='ltr'><strong><em>    </em></strong></span> 
     </span>
     <span class='ocr_line' id='line_1_11' title="bbox 0 2722 252 2829; baseline 0 1525"><span class='ocrx_word' id='word_1_13' title='bbox 0 2722 252 2829; x_wconf 95' lang='lat' dir='ltr'><strong><em> </em></strong></span> 
     </span>
     <span class='ocr_line' id='line_1_12' title="bbox 0 2829 235 3074; baseline 0 -108"><span class='ocrx_word' id='word_1_14' title='bbox 0 2829 235 3074; x_wconf 95' lang='lat' dir='ltr'><strong><em>   </em></strong></span> 
     </span>
     <span class='ocr_line' id='line_1_13' title="bbox 2 3223 215 3602; baseline 0 -54"><span class='ocrx_word' id='word_1_15' title='bbox 2 3223 215 3602; x_wconf 95' lang='lat' dir='ltr'><strong><em>    </em></strong></span> 
     </span>
     <span class='ocr_line' id='line_1_14' title="bbox 12 3602 213 4354; baseline 0 -512"><span class='ocrx_word' id='word_1_16' title='bbox 12 3602 213 4354; x_wconf 95' lang='lat' dir='ltr'><strong><em>   </em></strong></span> 
     </span>
    </p>
   </div>
   <div class='ocr_carea' id='block_1_4' title="bbox 23 775 2106 1101">
    <p class='ocr_par' dir='ltr' id='par_1_4' title="bbox 23 775 2106 1101">
     <span class='ocr_line' id='line_1_15' title="bbox 106 775 2105 851; baseline 0.001 -14.994"><span class='ocrx_word' id='word_1_17' title='bbox 106 775 117 793; x_wconf 69' lang='lat'><strong><em>⁵</em></strong></span> <span class='ocrx_word' id='word_1_18' title='bbox 203 784 276 836; x_wconf 82' lang='lat' dir='ltr'><strong><em>Le</em></strong></span> <span class='ocrx_word' id='word_1_19' title='bbox 305 801 444 851; x_wconf 84' lang='lat' dir='ltr'><strong><em>pape</em></strong></span> <span class='ocrx_word' id='word_1_20' title='bbox 474 783 701 835; x_wconf 82' lang='lat' dir='ltr'><strong><em>ordonne</em></strong></span> <span class='ocrx_word' id='word_1_21' title='bbox 732 802 805 834; x_wconf 82' lang='lat' dir='ltr'><strong><em>au</em></strong></span> <span class='ocrx_word' id='word_1_22' title='bbox 835 783 1130 850; x_wconf 68' lang='lat' dir='ltr'><strong><em>provincial</em></strong></span> <span class='ocrx_word' id='word_1_23' title='bbox 1161 785 1246 834; x_wconf 87' lang='lat' dir='ltr'><strong><em>des</em></strong></span> <span class='ocrx_word' id='word_1_24' title='bbox 1279 785 1631 836; x_wconf 78' lang='lat' dir='ltr'><strong><em>dominicains</em></strong></span> <span class='ocrx_word' id='word_1_25' title='bbox 1663 786 1723 836; x_wconf 83' lang='lat' dir='ltr'><strong><em>de</em></strong></span> <span class='ocrx_word' id='word_1_26' title='bbox 1759 788 2014 839; x_wconf 81' lang='lat' dir='ltr'><strong><em>Toulouse</em></strong></span> <span class='ocrx_word' id='word_1_27' title='bbox 2045 789 2105 839; x_wconf 83' lang='lat' dir='ltr'><strong><em>de</em></strong></span> 
     </span>
     <span class='ocr_line' id='line_1_16' title="bbox 23 864 2106 937; baseline 0 -16"><span class='ocrx_word' id='word_1_28' title='bbox 23 887 33 934; x_wconf 60' lang='lat' dir='ltr'><em>j</em></span> <span class='ocrx_word' id='word_1_29' title='bbox 106 864 354 930; x_wconf 52' lang='lat' dir='ltr'><strong><em>&lt;⁴idolator·</em></strong></span> <span class='ocrx_word' id='word_1_30' title='bbox 376 885 472 934; x_wconf 79' lang='lat' dir='ltr'><strong><em>que</em></strong></span> <span class='ocrx_word' id='word_1_31' title='bbox 498 867 756 918; x_wconf 76' lang='lat' dir='ltr'><strong><em>Bertrand</em></strong></span> <span class='ocrx_word' id='word_1_32' title='bbox 779 868 961 933; x_wconf 80' lang='lat' dir='ltr'><strong><em>Boyer,</em></strong></span> <span class='ocrx_word' id='word_1_33' title='bbox 989 867 1120 933; x_wconf 66' lang='lat' dir='ltr'><strong><em>frere</em></strong></span> <span class='ocrx_word' id='word_1_34' title='bbox 1144 868 1215 917; x_wconf 81' lang='lat' dir='ltr'><strong><em>du</em></strong></span> <span class='ocrx_word' id='word_1_35' title='bbox 1244 870 1400 917; x_wconf 64' lang='lat' dir='ltr'><strong><em>meme</em></strong></span> <span class='ocrx_word' id='word_1_36' title='bbox 1425 869 1583 929; x_wconf 85' lang='lat' dir='ltr'><strong><em>ordre,</em></strong></span> <span class='ocrx_word' id='word_1_37' title='bbox 1612 880 1683 920; x_wconf 79' lang='lat' dir='ltr'><strong><em>est</em></strong></span> <span class='ocrx_word' id='word_1_38' title='bbox 1701 874 1865 935; x_wconf 60' lang='lat' dir='ltr'><strong><em>apte&amp;</em></strong></span> <span class='ocrx_word' id='word_1_39' title='bbox 1891 890 2106 937; x_wconf 82' lang='lat' dir='ltr'><strong><em>occuper</em></strong></span> 
     </span>
     <span class='ocr_line' id='line_1_17' title="bbox 95 950 2099 1018; baseline 0.001 -15"><span class='ocrx_word' id='word_1_40' title='bbox 95 955 132 1006; x_wconf 68' lang='grc' dir='ltr'>ζ</span> <span class='ocrx_word' id='word_1_41' title='bbox 231 951 442 1017; x_wconf 74' lang='lat' dir='ltr'><strong><em>charges</em></strong></span> <span class='ocrx_word' id='word_1_42' title='bbox 470 951 532 1002; x_wconf 80' lang='lat' dir='ltr'><strong><em>de</em></strong></span> <span class='ocrx_word' id='word_1_43' title='bbox 561 970 658 1002; x_wconf 75' lang='lat' dir='ltr'><strong><em>son</em></strong></span> <span class='ocrx_word' id='word_1_44' title='bbox 687 950 833 1001; x_wconf 80' lang='lat' dir='ltr'><strong><em>ordre</em></strong></span> <span class='ocrx_word' id='word_1_45' title='bbox 862 962 907 1001; x_wconf 80' lang='lat' dir='ltr'><strong><em>et</em></strong></span> <span class='ocrx_word' id='word_1_46' title='bbox 936 954 969 1000; x_wconf 84' lang='grc' dir='ltr'><em>ἁ</em></span> <span class='ocrx_word' id='word_1_47' title='bbox 999 950 1245 1016; x_wconf 85' lang='lat' dir='ltr'><strong><em>produire</em></strong></span> <span class='ocrx_word' id='word_1_48' title='bbox 1275 952 1346 1001; x_wconf 82' lang='lat' dir='ltr'><strong><em>les</em></strong></span> <span class='ocrx_word' id='word_1_49' title='bbox 1377 962 1508 1001; x_wconf 81' lang='lat' dir='ltr'><strong><em>actes</em></strong></span> <span class='ocrx_word' id='word_1_50' title='bbox 1539 951 1587 1001; x_wconf 81' lang='lat' dir='ltr'><strong><em>d’</em></strong></span> <span class='ocrx_word' id='word_1_51' title='bbox 1597 971 1668 1002; x_wconf 85' lang='lat' dir='ltr'><strong><em>un</em></strong></span> <span class='ocrx_word' id='word_1_52' title='bbox 1703 954 1801 1003; x_wconf 88' lang='lat' dir='ltr'><strong><em>bon</em></strong></span> <span class='ocrx_word' id='word_1_53' title='bbox 1831 954 2099 1018; x_wconf 81' lang='lat' dir='ltr'><strong><em>religieux,</em></strong></span> 
     </span>
     <span class='ocr_line' id='line_1_18' title="bbox 130 1033 2103 1101; baseline 0.001 -15"><span class='ocrx_word' id='word_1_54' title='bbox 130 1034 442 1087; x_wconf 67' lang='lat' dir='ltr'><strong><em>nonobstant</em></strong></span> <span class='ocrx_word' id='word_1_55' title='bbox 474 1035 528 1086; x_wconf 83' lang='lat' dir='ltr'><strong><em>la</em></strong></span> <span class='ocrx_word' id='word_1_56' title='bbox 560 1033 965 1085; x_wconf 80' lang='lat' dir='ltr'><strong><em>condamnation</em></strong></span> <span class='ocrx_word' id='word_1_57' title='bbox 999 1052 1133 1099; x_wconf 83' lang='lat' dir='ltr'><strong><em>pour</em></strong></span> <span class='ocrx_word' id='word_1_58' title='bbox 1167 1034 1358 1084; x_wconf 74' lang='lat' dir='ltr'><strong><em>here‘sie</em></strong></span> <span class='ocrx_word' id='word_1_59' title='bbox 1392 1034 1482 1099; x_wconf 81' lang='lat' dir='ltr'><strong><em>qui</em></strong></span> <span class='ocrx_word' id='word_1_60' title='bbox 1518 1053 1550 1083; x_wconf 86' lang='lat' dir='ltr'><strong><em>a</em></strong></span> <span class='ocrx_word' id='word_1_61' title='bbox 1583 1034 1771 1100; x_wconf 72' lang='lat' dir='ltr'><strong><em>lrappe</em></strong></span> <span class='ocrx_word' id='word_1_62' title='bbox 1804 1054 1899 1086; x_wconf 85' lang='lat' dir='ltr'><strong><em>son</em></strong></span> <span class='ocrx_word' id='word_1_63' title='bbox 1917 1037 2103 1101; x_wconf 84' lang='lat' dir='ltr'><strong><em>grand-</em></strong></span> 
     </span>
    </p>
   </div>
   <div class='ocr_carea' id='block_1_5' title="bbox 37 1114 2105 1267">
    <p class='ocr_par' dir='ltr' id='par_1_5' title="bbox 37 1111 2105 1267">
     <span class='ocr_line' id='line_1_19' title="bbox 37 1114 2105 1188; baseline 0.001 -20"><span class='ocrx_word' id='word_1_64' title='bbox 37 1114 40 1120; x_wconf 73' lang='grc'><strong>’</strong></span> <span class='ocrx_word' id='word_1_65' title='bbox 100 1122 249 1188; x_wconf 67' lang='lat' dir='ltr'><strong><em>pm</em></strong></span> <span class='ocrx_word' id='word_1_66' title='bbox 271 1118 519 1185; x_wconf 77' lang='lat' dir='ltr'><strong><em>paternel,</em></strong></span> <span class='ocrx_word' id='word_1_67' title='bbox 548 1118 589 1168; x_wconf 82' lang='lat' dir='ltr'><strong><em>il</em></strong></span> <span class='ocrx_word' id='word_1_68' title='bbox 612 1136 647 1184; x_wconf 79' lang='lat' dir='ltr'><em>y</em></span> <span class='ocrx_word' id='word_1_69' title='bbox 671 1136 705 1168; x_wconf 86' lang='lat' dir='ltr'><strong><em>a</em></strong></span> <span class='ocrx_word' id='word_1_70' title='bbox 729 1117 944 1168; x_wconf 74' lang='lat' dir='ltr'><strong><em>environ</em></strong></span> <span class='ocrx_word' id='word_1_71' title='bbox 970 1117 1224 1167; x_wconf 74' lang='lat' dir='ltr'><strong><em>soixante·</em></strong></span> <span class='ocrx_word' id='word_1_72' title='bbox 1230 1117 1322 1167; x_wconf 69' lang='lat' dir='ltr'><strong><em>dia:</em></strong></span> <span class='ocrx_word' id='word_1_73' title='bbox 1347 1136 1459 1178; x_wconf 82' lang='lat' dir='ltr'><strong><em>ans,</em></strong></span> <span class='ocrx_word' id='word_1_74' title='bbox 1491 1130 1534 1168; x_wconf 81' lang='lat' dir='ltr'><strong><em>et</em></strong></span> <span class='ocrx_word' id='word_1_75' title='bbox 1560 1128 1717 1168; x_wconf 80' lang='lat' dir='ltr'><strong><em>trente</em></strong></span> <span class='ocrx_word' id='word_1_76' title='bbox 1743 1137 1840 1169; x_wconf 83' lang='lat' dir='ltr'><strong><em>ans</em></strong></span> <span class='ocrx_word' id='word_1_77' title='bbox 1867 1131 2027 1171; x_wconf 71' lang='lat' dir='ltr'><strong><em>avant</em></strong></span> <span class='ocrx_word' id='word_1_78' title='bbox 2052 1121 2105 1170; x_wconf 86' lang='lat' dir='ltr'><strong><em>la</em></strong></span> 
     </span>
     <span class='ocr_line' id='line_1_20' title="bbox 144 1201 1718 1267; baseline 0.001 -15"><span class='ocrx_word' id='word_1_79' title='bbox 144 1211 154 1217; x_wconf 62' lang='lat'><em>²</em></span> <span class='ocrx_word' id='word_1_80' title='bbox 184 1201 408 1254; x_wconf 66' lang='lat' dir='ltr'><strong><em>‘nanee</em></strong></span> <span class='ocrx_word' id='word_1_81' title='bbox 433 1201 495 1253; x_wconf 82' lang='lat' dir='ltr'><strong><em>de</em></strong></span> <span class='ocrx_word' id='word_1_82' title='bbox 522 1201 794 1253; x_wconf 79' lang='lat' dir='ltr'><strong><em>Bertrand.</em></strong></span> <span class='ocrx_word' id='word_1_83' title='bbox 824 1230 895 1239; x_wconf 96' lang='lat'><strong>—</strong></span> <span class='ocrx_word' id='word_1_84' title='bbox 922 1201 1190 1267; x_wconf 88' lang='lat' dir='ltr'><strong><em>Avignon‚</em></strong></span> <span class='ocrx_word' id='word_1_85' title='bbox 1222 1201 1287 1251; x_wconf 91' lang='lat'><strong><em>20</em></strong></span> <span class='ocrx_word' id='word_1_86' title='bbox 1318 1203 1536 1251; x_wconf 85' lang='lat' dir='ltr'><strong><em>octobre</em></strong></span> <span class='ocrx_word' id='word_1_87' title='bbox 1569 1202 1718 1254; x_wconf 87' lang='lat'><strong>1331.</strong></span> 
     </span>
    </p>
   </div>
   <div class='ocr_carea' id='block_1_6' title="bbox 461 1334 1374 1388">
    <p class='ocr_par' dir='ltr' id='par_1_6' title="bbox 461 1334 1374 1388">
     <span class='ocr_line' id='line_1_21' title="bbox 461 1334 1374 1388; baseline 0 -12"><span class='ocrx_word' id='word_1_88' title='bbox 461 1334 565 1387; x_wconf 64' lang='lat'><em>1203.</em></span> <span class='ocrx_word' id='word_1_89' title='bbox 588 1335 741 1388; x_wconf 64' lang='lat' dir='ltr'><strong><em>Auen„</em></strong></span> <span class='ocrx_word' id='word_1_90' title='bbox 764 1342 796 1376; x_wconf 86' lang='lat' dir='ltr'><strong><em>t.</em></strong></span> <span class='ocrx_word' id='word_1_91' title='bbox 820 1348 896 1388; x_wconf 63' lang='lat' dir='ltr'><strong><em>xz,</em></strong></span> <span class='ocrx_word' id='word_1_92' title='bbox 919 1334 993 1376; x_wconf 80' lang='lat' dir='ltr'><strong><em>fol.</em></strong></span> <span class='ocrx_word' id='word_1_93' title='bbox 1016 1334 1098 1376; x_wconf 90' lang='grc'><strong><em>330</em></strong></span> <span class='ocrx_word' id='word_1_94' title='bbox 1123 1339 1188 1387; x_wconf 89' lang='lat' dir='ltr'><strong><em>v0,</em></strong></span> <span class='ocrx_word' id='word_1_95' title='bbox 1211 1348 1255 1376; x_wconf 91' lang='lat' dir='ltr'><strong><em>n.</em></strong></span> <span class='ocrx_word' id='word_1_96' title='bbox 1277 1334 1374 1376; x_wconf 86' lang='grc'><strong>600.</strong></span> 
     </span>
    </p>
   </div>
   <div class='ocr_carea' id='block_1_7' title="bbox 44 1453 2108 2781">
    <p class='ocr_par' dir='ltr' id='par_1_7' title="bbox 44 1453 2108 2781">
     <span class='ocr_line' id='line_1_22' title="bbox 108 1453 2105 1525; baseline 0.001 -20"><span class='ocrx_word' id='word_1_97' title='bbox 108 1511 113 1525; x_wconf 20' lang='lat'><em>2</em></span> <span class='ocrx_word' id='word_1_98' title='bbox 206 1453 413 1505; x_wconf 87' lang='lat' dir='ltr'><strong><em>Dilecto</em></strong></span> <span class='ocrx_word' id='word_1_99' title='bbox 459 1454 627 1505; x_wconf 87' lang='lat' dir='ltr'><strong>filio..</strong></span> <span class='ocrx_word' id='word_1_100' title='bbox 654 1453 675 1485; x_wconf 88' lang='lat'>¹</span> <span class='ocrx_word' id='word_1_101' title='bbox 718 1454 880 1520; x_wconf 87' lang='lat' dir='ltr'><strong><em>priori</em></strong></span> <span class='ocrx_word' id='word_1_102' title='bbox 924 1453 1241 1519; x_wconf 89' lang='lat' dir='ltr'><strong><em>provinciali</em></strong></span> <span class='ocrx_word' id='word_1_103' title='bbox 1285 1454 1516 1505; x_wconf 76' lang='lat' dir='ltr'><strong><em>fratrum</em></strong></span> <span class='ocrx_word' id='word_1_104' title='bbox 1559 1455 1758 1506; x_wconf 87' lang='lat' dir='ltr'><strong><em>ordinis</em></strong></span> <span class='ocrx_word' id='word_1_105' title='bbox 1803 1456 2105 1521; x_wconf 90' lang='lat' dir='ltr'><strong><em>predicato-</em></strong></span> 
     </span>
     <span class='ocr_line' id='line_1_23' title="bbox 52 1527 2100 1606; baseline 0 -17"><span class='ocrx_word' id='word_1_106' title='bbox 52 1546 57 1554; x_wconf 84' lang='grc'>”</span> <span class='ocrx_word' id='word_1_107' title='bbox 106 1527 255 1606; x_wconf 57' lang='lat' dir='ltr'><strong><em>rum</em></strong></span> <span class='ocrx_word' id='word_1_108' title='bbox 291 1537 564 1605; x_wconf 84' lang='lat' dir='ltr'><strong><em>provincie</em></strong></span> <span class='ocrx_word' id='word_1_109' title='bbox 601 1537 919 1597; x_wconf 85' lang='lat' dir='ltr'><strong><em>Tholosane,</em></strong></span> <span class='ocrx_word' id='word_1_110' title='bbox 960 1538 1210 1588; x_wconf 88' lang='lat' dir='ltr'><strong><em>salutem.</em></strong></span> <span class='ocrx_word' id='word_1_111' title='bbox 1249 1565 1319 1573; x_wconf 90' lang='lat'>—</span> <span class='ocrx_word' id='word_1_112' title='bbox 1356 1537 1553 1588; x_wconf 89' lang='lat' dir='ltr'><strong><em>Petitio</em></strong></span> <span class='ocrx_word' id='word_1_113' title='bbox 1592 1557 1687 1604; x_wconf 89' lang='lat' dir='ltr'><strong><em>pro</em></strong></span> <span class='ocrx_word' id='word_1_114' title='bbox 1726 1549 1880 1604; x_wconf 89' lang='lat' dir='ltr'><strong><em>parte</em></strong></span> <span class='ocrx_word' id='word_1_115' title='bbox 1917 1539 2100 1590; x_wconf 90' lang='lat' dir='ltr'><strong><em>dilecti</em></strong></span> 
     </span>
     <span class='ocr_line' id='line_1_24' title="bbox 51 1618 2107 1686; baseline 0 -14"><span class='ocrx_word' id='word_1_116' title='bbox 51 1635 63 1658; x_wconf 71' lang='lat'>³</span> <span class='ocrx_word' id='word_1_117' title='bbox 201 1620 233 1633; x_wconf 82' lang='grc'><strong><em>““</em></strong></span> <span class='ocrx_word' id='word_1_118' title='bbox 267 1620 553 1672; x_wconf 83' lang='lat' dir='ltr'><strong><em>Bertrandi</em></strong></span> <span class='ocrx_word' id='word_1_119' title='bbox 587 1618 781 1683; x_wconf 88' lang='lat' dir='ltr'><strong><em>Boerii‚</em></strong></span> <span class='ocrx_word' id='word_1_120' title='bbox 821 1620 1020 1671; x_wconf 88' lang='lat' dir='ltr'><strong><em>ordinis</em></strong></span> <span class='ocrx_word' id='word_1_121' title='bbox 1060 1621 1290 1670; x_wconf 82' lang='lat' dir='ltr'><strong><em>fratrum</em></strong></span> <span class='ocrx_word' id='word_1_122' title='bbox 1310 1620 1733 1686; x_wconf 82' lang='lat' dir='ltr'><strong><em>predicatorum,</em></strong></span> <span class='ocrx_word' id='word_1_123' title='bbox 1764 1622 1917 1672; x_wconf 91' lang='lat' dir='ltr'><strong><em>nobis</em></strong></span> <span class='ocrx_word' id='word_1_124' title='bbox 1956 1622 2107 1672; x_wconf 85' lang='lat' dir='ltr'><strong><em>exhi·</em></strong></span> 
     </span>
     <span class='ocr_line' id='line_1_25' title="bbox 137 1702 2101 1771; baseline -0.001 -15"><span class='ocrx_word' id='word_1_125' title='bbox 137 1734 160 1746; x_wconf 84' lang='lat'><strong><em>··</em></strong></span> <span class='ocrx_word' id='word_1_126' title='bbox 177 1702 191 1719; x_wconf 76' lang='grc'><strong>’</strong></span> <span class='ocrx_word' id='word_1_127' title='bbox 211 1729 234 1746; x_wconf 41' lang='grc'><strong><em>·,</em></strong></span> <span class='ocrx_word' id='word_1_128' title='bbox 267 1704 583 1756; x_wconf 84' lang='lat' dir='ltr'><strong><em>continebat</em></strong></span> <span class='ocrx_word' id='word_1_129' title='bbox 601 1705 746 1771; x_wconf 92' lang='lat' dir='ltr'><strong><em>quod</em></strong></span> <span class='ocrx_word' id='word_1_130' title='bbox 774 1742 786 1753; x_wconf 93' lang='lat'><strong>.</strong></span> <span class='ocrx_word' id='word_1_131' title='bbox 808 1741 819 1753; x_wconf 92' lang='lat'><strong><em>.</em></strong></span> <span class='ocrx_word' id='word_1_132' title='bbox 850 1704 1126 1770; x_wconf 88' lang='lat' dir='ltr'><strong><em>quondam</em></strong></span> <span class='ocrx_word' id='word_1_133' title='bbox 1145 1722 1279 1755; x_wconf 88' lang='lat' dir='ltr'><strong><em>avus</em></strong></span> <span class='ocrx_word' id='word_1_134' title='bbox 1302 1704 1467 1769; x_wconf 88' lang='lat' dir='ltr'><strong><em>ipsius</em></strong></span> <span class='ocrx_word' id='word_1_135' title='bbox 1487 1705 1783 1754; x_wconf 92' lang='lat' dir='ltr'><strong><em>secundum</em></strong></span> <span class='ocrx_word' id='word_1_136' title='bbox 1816 1715 2101 1770; x_wconf 87' lang='lat' dir='ltr'><strong><em>paternam</em></strong></span> 
     </span>
     <span class='ocr_line' id='line_1_26' title="bbox 119 1786 2104 1854; baseline 0 -16"><span class='ocrx_word' id='word_1_137' title='bbox 119 1801 156 1826; x_wconf 66' lang='lat'><strong><em>&#39;³2</em></strong></span> <span class='ocrx_word' id='word_1_138' title='bbox 191 1813 195 1830; x_wconf 78' lang='grc' dir='ltr'>ι</span> <span class='ocrx_word' id='word_1_139' title='bbox 357 1797 579 1854; x_wconf 89' lang='lat' dir='ltr'><strong><em>propter</em></strong></span> <span class='ocrx_word' id='word_1_140' title='bbox 607 1787 1008 1838; x_wconf 87' lang='lat' dir='ltr'><strong><em>contumaciam</em></strong></span> <span class='ocrx_word' id='word_1_141' title='bbox 1037 1787 1092 1837; x_wconf 92' lang='lat' dir='ltr'><strong><em>in</em></strong></span> <span class='ocrx_word' id='word_1_142' title='bbox 1122 1805 1280 1837; x_wconf 89' lang='lat' dir='ltr'><strong><em>causa</em></strong></span> <span class='ocrx_word' id='word_1_143' title='bbox 1331 1787 1469 1847; x_wconf 80' lang='lat' dir='ltr'><strong><em>fidei,</em></strong></span> <span class='ocrx_word' id='word_1_144' title='bbox 1501 1787 1693 1852; x_wconf 86' lang='lat' dir='ltr'><strong><em>elapsis</em></strong></span> <span class='ocrx_word' id='word_1_145' title='bbox 1735 1786 1844 1837; x_wconf 88' lang='lat' dir='ltr'><strong><em>iam</em></strong></span> <span class='ocrx_word' id='word_1_146' title='bbox 1887 1798 2104 1853; x_wconf 87' lang='lat' dir='ltr'><strong><em>septua-</em></strong></span> 
     </span>
     <span class='ocr_line' id='line_1_27' title="bbox 132 1870 2106 1944; baseline -0.002 -20"><span class='ocrx_word' id='word_1_147' title='bbox 132 1878 284 1944; x_wconf 49' lang='lat' dir='ltr'><strong><em>“uta</em></strong></span> <span class='ocrx_word' id='word_1_148' title='bbox 317 1870 471 1923; x_wconf 80' lang='lat' dir='ltr'><strong><em>annis</em></strong></span> <span class='ocrx_word' id='word_1_149' title='bbox 509 1872 596 1922; x_wconf 84' lang='lat' dir='ltr'><strong><em>vel</em></strong></span> <span class='ocrx_word' id='word_1_150' title='bbox 633 1871 788 1935; x_wconf 86' lang='lat' dir='ltr'><strong><em>circa,</em></strong></span> <span class='ocrx_word' id='word_1_151' title='bbox 829 1872 1016 1921; x_wconf 88' lang='lat' dir='ltr'><strong><em>extitit</em></strong></span> <span class='ocrx_word' id='word_1_152' title='bbox 1053 1882 1318 1936; x_wconf 87' lang='lat' dir='ltr'><strong><em>tanquam</em></strong></span> <span class='ocrx_word' id='word_1_153' title='bbox 1360 1871 1623 1920; x_wconf 87' lang='lat' dir='ltr'><strong><em>hereticus</em></strong></span> <span class='ocrx_word' id='word_1_154' title='bbox 1655 1873 2106 1937; x_wconf 81' lang='lat' dir='ltr'><strong><em>condempnatus,</em></strong></span> 
     </span>
     <span class='ocr_line' id='line_1_28' title="bbox 118 1954 2108 2026; baseline -0.002 -20"><span class='ocrx_word' id='word_1_155' title='bbox 118 1958 156 2026; x_wconf 70' lang='lat' dir='ltr'><strong><em>j‘</em></strong></span> <span class='ocrx_word' id='word_1_156' title='bbox 222 1955 367 2023; x_wconf 79' lang='lat' dir='ltr'><strong><em>quod</em></strong></span> <span class='ocrx_word' id='word_1_157' title='bbox 399 1955 642 2022; x_wconf 79' lang='lat' dir='ltr'><strong><em>prefatus</em></strong></span> <span class='ocrx_word' id='word_1_158' title='bbox 674 1955 1007 2005; x_wconf 88' lang='lat' dir='ltr'><strong><em>Bertrandus</em></strong></span> <span class='ocrx_word' id='word_1_159' title='bbox 1041 1955 1134 2020; x_wconf 88' lang='lat' dir='ltr'><strong><em>qui</em></strong></span> <span class='ocrx_word' id='word_1_160' title='bbox 1168 1965 1290 2020; x_wconf 89' lang='lat' dir='ltr'><strong><em>post</em></strong></span> <span class='ocrx_word' id='word_1_161' title='bbox 1323 1954 1545 2018; x_wconf 87' lang='lat' dir='ltr'><strong><em>triginta</em></strong></span> <span class='ocrx_word' id='word_1_162' title='bbox 1580 1973 1748 2004; x_wconf 88' lang='lat' dir='ltr'><strong><em>annos</em></strong></span> <span class='ocrx_word' id='word_1_163' title='bbox 1782 1956 1865 2003; x_wconf 88' lang='lat' dir='ltr'><strong><em>vel</em></strong></span> <span class='ocrx_word' id='word_1_164' title='bbox 1899 1954 2108 2003; x_wconf 89' lang='lat' dir='ltr'><strong><em>circiter</em></strong></span> 
     </span>
     <span class='ocr_line' id='line_1_29' title="bbox 44 2036 2101 2110; baseline -0.004 -16"><span class='ocrx_word' id='word_1_165' title='bbox 44 2102 62 2110; x_wconf 60' lang='lat'><strong><em>-.</em></strong></span> <span class='ocrx_word' id='word_1_166' title='bbox 83 2046 136 2084; x_wconf 69' lang='lat'><strong>·-·²&#39;</strong></span> <span class='ocrx_word' id='word_1_167' title='bbox 194 2046 437 2106; x_wconf 75' lang='lat' dir='ltr'><strong><em>tempore</em></strong></span> <span class='ocrx_word' id='word_1_168' title='bbox 465 2038 970 2105; x_wconf 87' lang='lat' dir='ltr'><strong><em>condempnationis</em></strong></span> <span class='ocrx_word' id='word_1_169' title='bbox 1002 2036 1311 2088; x_wconf 89' lang='lat' dir='ltr'><strong><em>huiusmodi</em></strong></span> <span class='ocrx_word' id='word_1_170' title='bbox 1342 2048 1502 2087; x_wconf 84' lang='lat' dir='ltr'><strong><em>natus</em></strong></span> <span class='ocrx_word' id='word_1_171' title='bbox 1534 2048 1588 2086; x_wconf 86' lang='lat' dir='ltr'><strong><em>et</em></strong></span> <span class='ocrx_word' id='word_1_172' title='bbox 1620 2038 1840 2087; x_wconf 87' lang='lat' dir='ltr'><strong><em>tandem</em></strong></span> <span class='ocrx_word' id='word_1_173' title='bbox 1871 2037 2101 2086; x_wconf 88' lang='lat' dir='ltr'><strong><em>eundem</em></strong></span> 
     </span>
     <span class='ocr_line' id='line_1_30' title="bbox 69 2119 2101 2188; baseline -0.002 -15"><span class='ocrx_word' id='word_1_174' title='bbox 69 2126 75 2133; x_wconf 73' lang='grc'><strong>’</strong></span> <span class='ocrx_word' id='word_1_175' title='bbox 212 2119 378 2172; x_wconf 68' lang='grc' dir='ltr'>ιιόιιι</span> <span class='ocrx_word' id='word_1_176' title='bbox 432 2121 699 2188; x_wconf 82' lang='lat' dir='ltr'><strong><em>ingressus</em></strong></span> <span class='ocrx_word' id='word_1_177' title='bbox 755 2121 941 2172; x_wconf 81' lang='lat' dir='ltr'><strong><em>extitit</em></strong></span> <span class='ocrx_word' id='word_1_178' title='bbox 999 2121 1213 2188; x_wconf 87' lang='lat' dir='ltr'><strong><em>publica</em></strong></span> <span class='ocrx_word' id='word_1_179' title='bbox 1259 2120 1427 2171; x_wconf 86' lang='lat' dir='ltr'><strong><em>officia</em></strong></span> <span class='ocrx_word' id='word_1_180' title='bbox 1474 2120 1639 2186; x_wconf 87' lang='lat' dir='ltr'><strong><em>ipsius</em></strong></span> <span class='ocrx_word' id='word_1_181' title='bbox 1683 2120 1881 2170; x_wconf 86' lang='lat' dir='ltr'><strong><em>ordinis</em></strong></span> <span class='ocrx_word' id='word_1_182' title='bbox 1928 2119 2101 2170; x_wconf 89' lang='lat' dir='ltr'><strong><em>eidem</em></strong></span> 
     </span>
     <span class='ocr_line' id='line_1_31' title="bbox 81 2203 2107 2282; baseline -0.002 -26"><span class='ocrx_word' id='word_1_183' title='bbox 81 2259 114 2277; x_wconf 13' lang='lat' dir='ltr'><strong><em>,v</em></strong></span> <span class='ocrx_word' id='word_1_184' title='bbox 151 2203 391 2282; x_wconf 53' lang='lat' dir='ltr'><strong><em>,inposita</em></strong></span> <span class='ocrx_word' id='word_1_185' title='bbox 430 2215 486 2256; x_wconf 92' lang='lat' dir='ltr'><strong><em>et</em></strong></span> <span class='ocrx_word' id='word_1_186' title='bbox 523 2205 655 2257; x_wconf 89' lang='lat' dir='ltr'><strong><em>alios</em></strong></span> <span class='ocrx_word' id='word_1_187' title='bbox 694 2215 849 2256; x_wconf 90' lang='lat' dir='ltr'><strong><em>actus</em></strong></span> <span class='ocrx_word' id='word_1_188' title='bbox 889 2204 1157 2270; x_wconf 86' lang='lat' dir='ltr'><strong><em>legitimos</em></strong></span> <span class='ocrx_word' id='word_1_189' title='bbox 1197 2204 1457 2265; x_wconf 90' lang='lat' dir='ltr'><strong><em>exercuit,</em></strong></span> <span class='ocrx_word' id='word_1_190' title='bbox 1492 2203 1743 2268; x_wconf 86' lang='lat' dir='ltr'><strong><em>ignorans</em></strong></span> <span class='ocrx_word' id='word_1_191' title='bbox 1784 2214 1917 2253; x_wconf 89' lang='lat' dir='ltr'><strong><em>tunc</em></strong></span> <span class='ocrx_word' id='word_1_192' title='bbox 1970 2213 2107 2252; x_wconf 89' lang='lat' dir='ltr'><strong><em>tem-</em></strong></span> 
     </span>
     <span class='ocr_line' id='line_1_32' title="bbox 192 2286 2106 2355; baseline -0.003 -11.364"><span class='ocrx_word' id='word_1_193' title='bbox 192 2311 212 2328; x_wconf 63' lang='grc' dir='ltr'><strong><em>ι·</em></strong></span> <span class='ocrx_word' id='word_1_194' title='bbox 266 2327 270 2330; x_wconf 89' lang='grc'><strong>-</strong></span> <span class='ocrx_word' id='word_1_195' title='bbox 320 2305 485 2355; x_wconf 84' lang='lat' dir='ltr'><strong><em>penas</em></strong></span> <span class='ocrx_word' id='word_1_196' title='bbox 527 2288 584 2340; x_wconf 89' lang='lat' dir='ltr'><strong><em>in</em></strong></span> <span class='ocrx_word' id='word_1_197' title='bbox 614 2288 769 2351; x_wconf 83' lang='lat' dir='ltr'><strong><em>filios,</em></strong></span> <span class='ocrx_word' id='word_1_198' title='bbox 798 2298 1022 2355; x_wconf 86' lang='lat' dir='ltr'><strong><em>nepotes</em></strong></span> <span class='ocrx_word' id='word_1_199' title='bbox 1065 2298 1121 2338; x_wconf 93' lang='lat' dir='ltr'><strong><em>et</em></strong></span> <span class='ocrx_word' id='word_1_200' title='bbox 1147 2288 1278 2339; x_wconf 88' lang='lat' dir='ltr'><strong><em>alios</em></strong></span> <span class='ocrx_word' id='word_1_201' title='bbox 1320 2289 1390 2337; x_wconf 93' lang='lat' dir='ltr'><strong><em>ab</em></strong></span> <span class='ocrx_word' id='word_1_202' title='bbox 1425 2286 1669 2336; x_wconf 87' lang='lat' dir='ltr'><strong><em>hereticis</em></strong></span> <span class='ocrx_word' id='word_1_203' title='bbox 1717 2286 2106 2337; x_wconf 87' lang='lat' dir='ltr'><strong><em>descendentes</em></strong></span> 
     </span>
     <span class='ocr_line' id='line_1_33' title="bbox 152 2362 2100 2439; baseline -0.001 -18.118"><span class='ocrx_word' id='word_1_204' title='bbox 72 2362 175 2409; x_wconf 55' lang='lat'><strong><em>‘⁵⁷</em></strong></span> <span class='ocrx_word' id='word_1_205' title='bbox 217 2367 332 2422; x_wconf 76' lang='lat' dir='ltr'><strong><em>iure</em></strong></span> <span class='ocrx_word' id='word_1_206' title='bbox 362 2371 680 2438; x_wconf 82' lang='lat' dir='ltr'><strong><em>generaliter</em></strong></span> <span class='ocrx_word' id='word_1_207' title='bbox 710 2371 1133 2439; x_wconf 79' lang='lat' dir='ltr'><strong><em>promulgatas²</em></strong></span> <span class='ocrx_word' id='word_1_208' title='bbox 1163 2381 1218 2421; x_wconf 89' lang='lat' dir='ltr'><strong><em>et</em></strong></span> <span class='ocrx_word' id='word_1_209' title='bbox 1250 2371 1394 2436; x_wconf 90' lang='lat' dir='ltr'><strong><em>quod</em></strong></span> <span class='ocrx_word' id='word_1_210' title='bbox 1427 2388 1494 2420; x_wconf 87' lang='lat' dir='ltr'><strong><em>ex</em></strong></span> <span class='ocrx_word' id='word_1_211' title='bbox 1525 2388 1632 2435; x_wconf 89' lang='lat' dir='ltr'><strong><em>quo</em></strong></span> <span class='ocrx_word' id='word_1_212' title='bbox 1665 2370 1730 2419; x_wconf 94' lang='lat' dir='ltr'><strong><em>de</em></strong></span> <span class='ocrx_word' id='word_1_213' title='bbox 1761 2369 1918 2419; x_wconf 87' lang='lat' dir='ltr'><strong><em>dictis</em></strong></span> <span class='ocrx_word' id='word_1_214' title='bbox 1951 2368 2100 2434; x_wconf 90' lang='lat' dir='ltr'><strong><em>penis</em></strong></span> 
     </span>
     <span class='ocr_line' id='line_1_34' title="bbox 234 2450 2104 2522; baseline -0.002 -18.157"><span class='ocrx_word' id='word_1_215' title='bbox 234 2450 402 2521; x_wconf 68' lang='lat' dir='ltr'><strong><em>ipsius</em></strong></span> <span class='ocrx_word' id='word_1_216' title='bbox 436 2454 684 2522; x_wconf 83' lang='lat' dir='ltr'><strong><em>pervenit</em></strong></span> <span class='ocrx_word' id='word_1_217' title='bbox 718 2455 973 2506; x_wconf 86' lang='lat' dir='ltr'><strong><em>notitiam</em></strong></span> <span class='ocrx_word' id='word_1_218' title='bbox 1007 2456 1078 2506; x_wconf 93' lang='lat' dir='ltr'><strong><em>ab</em></strong></span> <span class='ocrx_word' id='word_1_219' title='bbox 1112 2454 1429 2504; x_wconf 86' lang='lat' dir='ltr'><strong><em>executione</em></strong></span> <span class='ocrx_word' id='word_1_220' title='bbox 1481 2453 1819 2519; x_wconf 90' lang='lat' dir='ltr'><strong><em>publicorum</em></strong></span> <span class='ocrx_word' id='word_1_221' title='bbox 1855 2452 2104 2502; x_wconf 88' lang='lat' dir='ltr'><strong><em>ordinum</em></strong></span> 
     </span>
     <span class='ocr_line' id='line_1_35' title="bbox 217 2533 2106 2603; baseline -0.002 -16.137"><span class='ocrx_word' id='word_1_222' title='bbox 217 2560 225 2570; x_wconf 94' lang='lat'>·</span> <span class='ocrx_word' id='word_1_223' title='bbox 295 2544 380 2587; x_wconf 77' lang='lat' dir='ltr'><strong><em>ter</em></strong></span> <span class='ocrx_word' id='word_1_224' title='bbox 403 2555 458 2588; x_wconf 86' lang='lat' dir='ltr'><strong><em>se</em></strong></span> <span class='ocrx_word' id='word_1_225' title='bbox 484 2538 776 2589; x_wconf 81' lang='lat' dir='ltr'><strong><em>subtraxit.</em></strong></span> <span class='ocrx_word' id='word_1_226' title='bbox 807 2538 984 2602; x_wconf 85' lang='lat' dir='ltr'><strong><em>Quare</em></strong></span> <span class='ocrx_word' id='word_1_227' title='bbox 1011 2555 1106 2603; x_wconf 90' lang='lat' dir='ltr'><strong><em>pro</em></strong></span> <span class='ocrx_word' id='word_1_228' title='bbox 1134 2547 1290 2603; x_wconf 88' lang='lat' dir='ltr'><strong><em>parte</em></strong></span> <span class='ocrx_word' id='word_1_229' title='bbox 1316 2536 1482 2602; x_wconf 91' lang='lat' dir='ltr'><strong><em>ipsius</em></strong></span> <span class='ocrx_word' id='word_1_230' title='bbox 1510 2534 1795 2585; x_wconf 88' lang='lat' dir='ltr'><strong><em>Bertrandi</em></strong></span> <span class='ocrx_word' id='word_1_231' title='bbox 1822 2534 1926 2584; x_wconf 82' lang='lat' dir='ltr'><strong><em>fuit</em></strong></span> <span class='ocrx_word' id='word_1_232' title='bbox 1952 2533 2106 2583; x_wconf 84' lang='lat' dir='ltr'><strong><em>nobis</em></strong></span> 
     </span>
     <span class='ocr_line' id='line_1_36' title="bbox 89 2609 2104 2687; baseline -0.003 -17"><span class='ocrx_word' id='word_1_233' title='bbox 89 2609 92 2615; x_wconf 39' lang='lat'>¹</span> <span class='ocrx_word' id='word_1_234' title='bbox 171 2616 417 2670; x_wconf 72' lang='lat' dir='ltr'><strong><em>&#39;militer</em></strong></span> <span class='ocrx_word' id='word_1_235' title='bbox 437 2621 804 2687; x_wconf 83' lang='lat' dir='ltr'><strong><em>supplicatum</em></strong></span> <span class='ocrx_word' id='word_1_236' title='bbox 838 2631 899 2671; x_wconf 93' lang='lat' dir='ltr'><strong><em>ut</em></strong></span> <span class='ocrx_word' id='word_1_237' title='bbox 931 2639 995 2671; x_wconf 91' lang='lat' dir='ltr'><strong><em>ne</em></strong></span> <span class='ocrx_word' id='word_1_238' title='bbox 1027 2620 1140 2685; x_wconf 88' lang='lat' dir='ltr'><strong><em>ipse</em></strong></span> <span class='ocrx_word' id='word_1_239' title='bbox 1172 2619 1448 2670; x_wconf 89' lang='lat' dir='ltr'><strong><em>occasione</em></strong></span> <span class='ocrx_word' id='word_1_240' title='bbox 1482 2616 1789 2667; x_wconf 89' lang='lat' dir='ltr'><strong><em>huiusmodi</em></strong></span> <span class='ocrx_word' id='word_1_241' title='bbox 1820 2616 1992 2665; x_wconf 90' lang='lat' dir='ltr'><strong><em>eidem</em></strong></span> <span class='ocrx_word' id='word_1_242' title='bbox 2025 2634 2104 2664; x_wconf 90' lang='lat' dir='ltr'><strong><em>or-</em></strong></span> 
     </span>
     <span class='ocr_line' id='line_1_37' title="bbox 169 2698 2104 2781; baseline -0.004 -27.204"><span class='ocrx_word' id='word_1_243' title='bbox 149 2707 212 2743; x_wconf 73' lang='grc'><strong><em>”·«</em></strong></span> <span class='ocrx_word' id='word_1_244' title='bbox 231 2698 247 2713; x_wconf 79' lang='grc'><strong>”</strong></span> <span class='ocrx_word' id='word_1_245' title='bbox 268 2702 530 2781; x_wconf 45' lang='lat' dir='ltr'><strong><em>reddatur</em></strong></span> <span class='ocrx_word' id='word_1_246' title='bbox 553 2720 810 2755; x_wconf 88' lang='lat' dir='ltr'><strong><em>onerosus</em></strong></span> <span class='ocrx_word' id='word_1_247' title='bbox 840 2704 925 2753; x_wconf 88' lang='lat' dir='ltr'><strong><em>vel</em></strong></span> <span class='ocrx_word' id='word_1_248' title='bbox 955 2704 1109 2769; x_wconf 88' lang='lat' dir='ltr'><strong><em>quasi</em></strong></span> <span class='ocrx_word' id='word_1_249' title='bbox 1136 2702 1361 2763; x_wconf 86' lang='lat' dir='ltr'><strong><em>inutilis,</em></strong></span> <span class='ocrx_word' id='word_1_250' title='bbox 1391 2700 1476 2751; x_wconf 90' lang='lat' dir='ltr'><strong><em>cui</em></strong></span> <span class='ocrx_word' id='word_1_251' title='bbox 1504 2710 1667 2766; x_wconf 87' lang='lat' dir='ltr'><strong><em>prout</em></strong></span> <span class='ocrx_word' id='word_1_252' title='bbox 1707 2699 1872 2749; x_wconf 88' lang='lat' dir='ltr'><strong><em>etiam</em></strong></span> <span class='ocrx_word' id='word_1_253' title='bbox 1919 2698 2104 2747; x_wconf 86' lang='lat' dir='ltr'><strong><em>fidedi-</em></strong></span> 
     </span>
    </p>
   </div>
   <div class='ocr_carea' id='block_1_8' title="bbox 84 2863 2105 3019">
    <p class='ocr_par' dir='ltr' id='par_1_8' title="bbox 84 2845 2105 3019">
     <span class='ocr_line' id='line_1_38' title="bbox 84 2863 2105 2960; baseline -0.006 -37"><span class='ocrx_word' id='word_1_254' title='bbox 84 2866 508 2930; x_wconf 53' lang='grc' dir='ltr'><strong><em>;·”’”ἑ·οἰοιιῒί8ιιι</em></strong></span> <span class='ocrx_word' id='word_1_255' title='bbox 536 2870 767 2921; x_wconf 84' lang='lat' dir='ltr'><strong><em>existere</em></strong></span> <span class='ocrx_word' id='word_1_256' title='bbox 795 2870 1124 2931; x_wconf 76' lang='lat' dir='ltr'><strong><em>fructuosus,</em></strong></span> <span class='ocrx_word' id='word_1_257' title='bbox 1158 2867 1287 2917; x_wconf 90' lang='lat' dir='ltr'><strong><em>iuris</em></strong></span> <span class='ocrx_word' id='word_1_258' title='bbox 1319 2866 1707 2960; x_wconf 87' lang='lat' dir='ltr'><strong><em>impedimento</em></strong></span> <span class='ocrx_word' id='word_1_259' title='bbox 1726 2874 1936 2914; x_wconf 87' lang='lat' dir='ltr'><strong><em>semoto</em></strong></span> <span class='ocrx_word' id='word_1_260' title='bbox 1962 2863 2105 2927; x_wconf 91' lang='lat' dir='ltr'><strong><em>quod</em></strong></span> 
     </span>
     <span class='ocr_line' id='line_1_39' title="bbox 94 2946 2101 3019; baseline -0.005 -17"><span class='ocrx_word' id='word_1_261' title='bbox 94 2951 101 2963; x_wconf 78' lang='grc'><strong><em>’“</em></strong></span> <span class='ocrx_word' id='word_1_262' title='bbox 215 2950 308 3000; x_wconf 76' lang='lat' dir='ltr'><strong><em>um</em></strong></span> <span class='ocrx_word' id='word_1_263' title='bbox 343 2953 746 3019; x_wconf 88' lang='lat' dir='ltr'><strong><em>apprehendere</em></strong></span> <span class='ocrx_word' id='word_1_264' title='bbox 784 2953 1041 3014; x_wconf 89' lang='lat' dir='ltr'><strong><em>noscitur,</em></strong></span> <span class='ocrx_word' id='word_1_265' title='bbox 1081 2952 1136 3002; x_wconf 91' lang='lat' dir='ltr'><strong><em>in</em></strong></span> <span class='ocrx_word' id='word_1_266' title='bbox 1176 2950 1444 3017; x_wconf 90' lang='lat' dir='ltr'><strong><em>premissis</em></strong></span> <span class='ocrx_word' id='word_1_267' title='bbox 1485 2948 1765 3014; x_wconf 86' lang='lat' dir='ltr'><strong><em>providere</em></strong></span> <span class='ocrx_word' id='word_1_268' title='bbox 1803 2946 1903 2995; x_wconf 91' lang='lat' dir='ltr'><strong><em>sibi</em></strong></span> <span class='ocrx_word' id='word_1_269' title='bbox 1942 2962 2101 3009; x_wconf 87' lang='lat' dir='ltr'><strong><em>super</em></strong></span> 
     </span>
    </p>
   </div>
   <div class='ocr_carea' id='block_1_9' title="bbox 110 3032 2096 3186">
    <p class='ocr_par' dir='ltr' id='par_1_9' title="bbox 110 3032 2096 3186">
     <span class='ocr_line' id='line_1_40' title="bbox 178 3032 1394 3102; baseline -0.002 -18"><span class='ocrx_word' id='word_1_270' title='bbox 178 3039 180 3042; x_wconf 76' lang='grc'><strong>’</strong></span> <span class='ocrx_word' id='word_1_271' title='bbox 215 3056 223 3075; x_wconf 61' lang='lat' dir='ltr'>v</span> <span class='ocrx_word' id='word_1_272' title='bbox 253 3032 320 3084; x_wconf 89' lang='lat' dir='ltr'><strong><em>de</em></strong></span> <span class='ocrx_word' id='word_1_273' title='bbox 346 3034 682 3102; x_wconf 77' lang='lat' dir='ltr'><strong><em>benignitate</em></strong></span> <span class='ocrx_word' id='word_1_274' title='bbox 707 3036 1004 3102; x_wconf 88' lang='lat' dir='ltr'><strong><em>apostolica</em></strong></span> <span class='ocrx_word' id='word_1_275' title='bbox 1034 3035 1394 3099; x_wconf 88' lang='lat' dir='ltr'><strong><em>dignaremur.</em></strong></span> 
     </span>
     <span class='ocr_line' id='line_1_41' title="bbox 110 3111 2096 3186; baseline -0.004 -19"><span class='ocrx_word' id='word_1_276' title='bbox 110 3148 118 3156; x_wconf 30' lang='grc' dir='ltr'><strong><em>ν-</em></strong></span> <span class='ocrx_word' id='word_1_277' title='bbox 142 3174 149 3179; x_wconf 46' lang='grc'>,</span> <span class='ocrx_word' id='word_1_278' title='bbox 179 3111 470 3181; x_wconf 74' lang='lat' dir='ltr'><strong><em>[Pontifex</em></strong></span> <span class='ocrx_word' id='word_1_279' title='bbox 500 3136 623 3185; x_wconf 82' lang='lat' dir='ltr'><strong><em>ergo</em></strong></span> <span class='ocrx_word' id='word_1_280' title='bbox 656 3120 803 3170; x_wconf 89' lang='lat' dir='ltr'><strong><em>dicto</em></strong></span> <span class='ocrx_word' id='word_1_281' title='bbox 836 3119 998 3186; x_wconf 89' lang='lat' dir='ltr'><strong><em>priori</em></strong></span> <span class='ocrx_word' id='word_1_282' title='bbox 1032 3117 1348 3184; x_wconf 88' lang='lat' dir='ltr'><strong><em>provinciali</em></strong></span> <span class='ocrx_word' id='word_1_283' title='bbox 1381 3115 1678 3166; x_wconf 90' lang='lat' dir='ltr'><strong><em>committit</em></strong></span> <span class='ocrx_word' id='word_1_284' title='bbox 1695 3125 1749 3164; x_wconf 88' lang='lat' dir='ltr'><strong><em>et</em></strong></span> <span class='ocrx_word' id='word_1_285' title='bbox 1770 3112 1995 3164; x_wconf 87' lang='lat' dir='ltr'><strong><em>mandat</em></strong></span> <span class='ocrx_word' id='word_1_286' title='bbox 2034 3120 2096 3160; x_wconf 86' lang='lat' dir='ltr'><strong><em>ut</em></strong></span> 
     </span>
    </p>
   </div>
   <div class='ocr_carea' id='block_1_10' title="bbox 9 3362 2099 3625">
    <p class='ocr_par' dir='ltr' id='par_1_10' title="bbox 9 3362 2078 3520">
     <span class='ocr_line' id='line_1_42' title="bbox 9 3362 1348 3439; baseline 0 -25"><span class='ocrx_word' id='word_1_287' title='bbox 9 3435 12 3439; x_wconf 15' lang='lat' dir='ltr'>y</span> <span class='ocrx_word' id='word_1_288' title='bbox 216 3362 346 3416; x_wconf 80' lang='lat' dir='ltr'><strong><em>alios</em></strong></span> <span class='ocrx_word' id='word_1_289' title='bbox 376 3376 529 3418; x_wconf 85' lang='lat' dir='ltr'><strong><em>actus</em></strong></span> <span class='ocrx_word' id='word_1_290' title='bbox 559 3367 827 3434; x_wconf 80' lang='lat' dir='ltr'><strong><em>legitimos</em></strong></span> <span class='ocrx_word' id='word_1_291' title='bbox 859 3385 1103 3418; x_wconf 88' lang='lat' dir='ltr'><strong><em>exercere</em></strong></span> <span class='ocrx_word' id='word_1_292' title='bbox 1137 3366 1348 3432; x_wconf 88' lang='lat' dir='ltr'><strong><em>possit.]</em></strong></span> 
     </span>
     <span class='ocr_line' id='line_1_43' title="bbox 10 3440 2099 3625; baseline -0.003 -127"><span class='ocrx_word' id='word_1_293' title='bbox 10 3451 19 3473; x_wconf 89' lang='lat'><strong><em>&#39;·</em></strong></span> <span class='ocrx_word' id='word_1_294' title='bbox 99 3440 399 3625; x_wconf 31' lang='lat' dir='ltr'><strong><em>{agnatum</em></strong></span> <span class='ocrx_word' id='word_1_295' title='bbox 428 3448 700 3513; x_wconf 80' lang='lat' dir='ltr'><strong><em>Avinioni,</em></strong></span> <span class='ocrx_word' id='word_1_296' title='bbox 734 3469 839 3501; x_wconf 83' lang='lat' dir='ltr'><strong><em>xm</em></strong></span> <span class='ocrx_word' id='word_1_297' title='bbox 873 3450 1130 3501; x_wconf 88' lang='lat' dir='ltr'><strong><em>kalendas</em></strong></span> <span class='ocrx_word' id='word_1_298' title='bbox 1163 3448 1486 3508; x_wconf 89' lang='lat' dir='ltr'><strong><em>novembris,</em></strong></span> <span class='ocrx_word' id='word_1_299' title='bbox 1520 3465 1660 3497; x_wconf 90' lang='lat' dir='ltr'><strong><em>anno</em></strong></span> <span class='ocrx_word' id='word_1_300' title='bbox 1712 3443 2099 3495; x_wconf 87' lang='lat' dir='ltr'><strong><em>sextodecimo.</em></strong></span> 
     </span>
    </p>
   </div>
   <div class='ocr_carea' id='block_1_11' title="bbox 116 3556 2097 3667">
    <p class='ocr_par' dir='ltr' id='par_1_11' title="bbox 116 3556 2097 3667">
     <span class='ocr_line' id='line_1_44' title="bbox 116 3556 2097 3667; baseline -0.004 -14.756"><span class='ocrx_word' id='word_1_301' title='bbox 116 3556 224 3652; x_wconf 38' lang='grc' dir='ltr'><strong><em>ἕί.</em></strong></span> <span class='ocrx_word' id='word_1_302' title='bbox 254 3610 378 3654; x_wconf 66' lang='lat' dir='ltr'><strong><em>Helie</em></strong></span> <span class='ocrx_word' id='word_1_303' title='bbox 399 3613 456 3655; x_wconf 79' lang='lat' dir='ltr'><strong><em>de</em></strong></span> <span class='ocrx_word' id='word_1_304' title='bbox 477 3612 694 3656; x_wconf 66' lang='lat' dir='ltr'><strong><em>Ferrieres</em></strong></span> <span class='ocrx_word' id='word_1_305' title='bbox 715 3615 772 3656; x_wconf 85' lang='lat' dir='ltr'><strong><em>de</em></strong></span> <span class='ocrx_word' id='word_1_306' title='bbox 793 3613 1023 3667; x_wconf 80' lang='lat' dir='ltr'><strong><em>Salagnac.</em></strong></span> <span class='ocrx_word' id='word_1_307' title='bbox 1047 3613 1153 3654; x_wconf 85' lang='lat' dir='ltr'><strong><em>Voir</em></strong></span> <span class='ocrx_word' id='word_1_308' title='bbox 1176 3626 1261 3654; x_wconf 90' lang='lat' dir='ltr'><strong><em>une</em></strong></span> <span class='ocrx_word' id='word_1_309' title='bbox 1282 3613 1412 3653; x_wconf 88' lang='lat' dir='ltr'><strong><em>lettre</em></strong></span> <span class='ocrx_word' id='word_1_310' title='bbox 1435 3612 1489 3652; x_wconf 91' lang='lat' dir='ltr'><strong><em>de</em></strong></span> <span class='ocrx_word' id='word_1_311' title='bbox 1511 3611 1571 3652; x_wconf 88' lang='lat' dir='ltr'><strong><em>lui</em></strong></span> <span class='ocrx_word' id='word_1_312' title='bbox 1594 3623 1683 3652; x_wconf 86' lang='lat' dir='ltr'><strong><em>aux</em></strong></span> <span class='ocrx_word' id='word_1_313' title='bbox 1706 3608 1871 3662; x_wconf 84' lang='lat' dir='ltr'><strong><em>prieurs</em></strong></span> <span class='ocrx_word' id='word_1_314' title='bbox 1894 3607 1970 3647; x_wconf 87' lang='lat' dir='ltr'><strong><em>des</em></strong></span> <span class='ocrx_word' id='word_1_315' title='bbox 1993 3619 2097 3646; x_wconf 90' lang='lat' dir='ltr'><strong><em>cou-</em></strong></span> 
     </span>
    </p>
   </div>
   <div class='ocr_carea' id='block_1_12' title="bbox 109 3662 2109 3792">
    <p class='ocr_par' dir='ltr' id='par_1_12' title="bbox 109 3662 2109 3792">
     <span class='ocr_line' id='line_1_45' title="bbox 109 3662 2109 3782; baseline -0.006 -56.956"><span class='ocrx_word' id='word_1_316' title='bbox 109 3662 254 3782; x_wconf 48' lang='lat' dir='ltr'><strong><em>phu</em></strong></span> <span class='ocrx_word' id='word_1_317' title='bbox 276 3680 333 3723; x_wconf 80' lang='lat' dir='ltr'><strong><em>de</em></strong></span> <span class='ocrx_word' id='word_1_318' title='bbox 356 3695 404 3724; x_wconf 74' lang='lat' dir='ltr'><strong><em>ea</em></strong></span> <span class='ocrx_word' id='word_1_319' title='bbox 441 3681 667 3737; x_wconf 81' lang='lat' dir='ltr'><strong><em>province,</em></strong></span> <span class='ocrx_word' id='word_1_320' title='bbox 682 3684 795 3725; x_wconf 78' lang='lat' dir='ltr'><strong><em>dans</em></strong></span> <span class='ocrx_word' id='word_1_321' title='bbox 835 3682 1056 3735; x_wconf 85' lang='lat' dir='ltr'><strong><em>Reichert,</em></strong></span> <span class='ocrx_word' id='word_1_322' title='bbox 1087 3682 1270 3724; x_wconf 72' lang='lat' dir='ltr'><strong><em>Litterae</em></strong></span> <span class='ocrx_word' id='word_1_323' title='bbox 1285 3680 1516 3734; x_wconf 80' lang='lat' dir='ltr'><strong><em>encyclicae</em></strong></span> <span class='ocrx_word' id='word_1_324' title='bbox 1533 3679 1830 3731; x_wconf 73' lang='lat' dir='ltr'><strong><em>magistrorum</em></strong></span> <span class='ocrx_word' id='word_1_325' title='bbox 1849 3674 2109 3728; x_wconf 81' lang='lat' dir='ltr'><strong><em>generalium</em></strong></span> 
     </span>
     <span class='ocr_line' id='line_1_46' title="bbox 932 3757 1350 3792; baseline -0.005 -1"><span class='ocrx_word' id='word_1_326' title='bbox 932 3760 960 3791; x_wconf 86' lang='grc' dir='ltr'><strong>Β</strong></span> <span class='ocrx_word' id='word_1_327' title='bbox 970 3759 1001 3792; x_wconf 88' lang='lat' dir='ltr'>U</span> <span class='ocrx_word' id='word_1_328' title='bbox 1013 3758 1039 3791; x_wconf 74' lang='lat' dir='ltr'>L</span> <span class='ocrx_word' id='word_1_329' title='bbox 1050 3759 1077 3791; x_wconf 76' lang='lat' dir='ltr'>L</span> <span class='ocrx_word' id='word_1_330' title='bbox 1087 3760 1114 3790; x_wconf 84' lang='grc' dir='ltr'><strong>Α</strong></span> <span class='ocrx_word' id='word_1_331' title='bbox 1125 3758 1137 3790; x_wconf 80' lang='lat'>1</span> <span class='ocrx_word' id='word_1_332' title='bbox 1150 3758 1177 3789; x_wconf 76' lang='lat' dir='ltr'><strong>R</strong></span> <span class='ocrx_word' id='word_1_333' title='bbox 1189 3758 1277 3790; x_wconf 70' lang='lat'><strong><em>3—</em></strong></span> <span class='ocrx_word' id='word_1_334' title='bbox 1298 3757 1316 3789; x_wconf 88' lang='lat'>1</span> <span class='ocrx_word' id='word_1_335' title='bbox 1331 3757 1350 3790; x_wconf 75' lang='lat'><strong>2</strong></span> 
     </span>
    </p>
   </div>
  </div>
 </body>
</html>
