2540 4354
453 358 552 410 112
851 380 1138 412 BULLAmE
1180 381 1253 411 DE
1294 362 1707 423 L’1NQU181T10N
1759 382 2074 423 FRANinsE

451 492 843 543 Alexandriam
880 494 966 542 vel
1001 493 1104 543 alia
1140 494 1259 545 loca
1295 495 1715 545 Sarracenorum
1750 506 1890 544 terre
1929 497 2114 562 Egipti
2132 498 2336 548 deferre
2371 502 2455 552 vel

454 576 671 626 mittere
694 596 803 627 non
826 595 938 627 esse
960 588 1251 642 peccatum
1276 579 1644 644 dampnantes
1667 590 1721 628 et
1743 580 2048 645 expressius
2083 584 2455 648 reprobantes,

450 678 512 710 ac
547 662 901 711 decernentes
937 662 1156 711 eosdem
1192 671 1464 726 tanquam
1499 663 1765 712 hereticos
1801 663 2105 729 puniendos
2139 666 2175 715 ⁶.
2215 667 2286 715 Et
2333 667 2455 718 licet

452 745 798 811 approbatio,
842 746 1130 795 innovatio
1174 757 1228 794 et
1273 746 1570 798 declaratio
1613 759 1797 798 nostre
1841 749 2084 814 predicte
2143 751 2345 801 suerint
2398 752 2452 803 in

450 829 674 880 diversis
724 829 974 895 partibus
1024 831 1321 880 solenniter
1369 831 1665 896 publicate,
1715 832 1884 898 aliqui
1915 844 2122 899 tamen,
2157 834 2250 900 qui
2270 853 2453 888 eorum

450 925 731 979 nequeunt
763 914 1133 980 ignorantiam
1167 915 1417 979 allegare,
1451 917 1631 966 labem
1664 916 1839 966 vitare
1873 917 2110 968 criminis
2144 920 2453 972 huiusmodi

449 1017 560 1048 non
597 1009 868 1060 curantes,
909 999 1001 1048 sed
1040 1016 1093 1048 se
1131 998 1276 1064 ipsos
1313 999 1369 1048 in
1407 1000 1743 1064 profundum
1782 1002 2050 1052 malorum
2088 1013 2142 1051 et
2194 1004 2453 1070 dampna-

449 1082 612 1132 tionis
644 1082 997 1148 precipicium
1029 1082 1212 1148 potius
1243 1082 1647 1147 immergentes,
1668 1103 1900 1136 asserere
1921 1105 1981 1135 ac
2002 1087 2269 1137 affirmare
2295 1089 2452 1154 perti-

451 1166 656 1218 naciter
680 1177 733 1215 et
773 1167 918 1231 quod
957 1178 1040 1216 est
1078 1167 1458 1217 detestabilius
1498 1180 1743 1220 astruere
1780 1188 1841 1219 ac
1880 1171 2251 1235 dogmatizare
2289 1175 2451 1224 verbo

453 1262 506 1299 et
540 1250 753 1316 scriptis
787 1251 933 1316 quod
967 1251 1172 1300 deferre
1205 1252 1291 1300 vel
1325 1251 1541 1300 mittere
1562 1253 1869 1306 Sarracenis
1889 1253 1944 1303 in
1964 1255 2352 1306 Alexandriam
2371 1260 2454 1309 vel

456 1335 620 1386 aliam
667 1346 869 1385 terram
919 1353 1105 1384 eorum
1154 1335 1416 1386 victualia
1465 1347 1518 1385 et
1566 1337 1671 1387 alia
1723 1356 2066 1403 quecumque
2108 1340 2452 1393 mercimonia

449 1430 630 1485 preter
668 1419 916 1485 predicta
954 1420 1010 1469 in
1050 1420 1253 1469 eisdem
1295 1420 1528 1470 consiliis
1569 1421 1846 1486 prohibita
1886 1442 1996 1472 non
2035 1434 2116 1473 est
2169 1436 2452 1489 peccatum

453 1515 922 1570 presumpserunt,
960 1503 1100 1554 sicut
1136 1504 1334 1554 infesta
1373 1506 1673 1555 multorum
1711 1507 2077 1557 insinuatione
2098 1509 2452 1575 percepimus,

452 1589 879 1656 dampnabiliter
919 1599 973 1638 et
1012 1599 1338 1655 presumunt
1367 1589 1431 1639 ,in
1471 1590 1785 1640 huiusmodi
1824 1591 2188 1657 dampnosam
2228 1593 2452 1646 heresim

447 1674 754 1725 incidendo,
786 1675 894 1724 Nos
915 1684 1103 1724 autem
1129 1673 1438 1724 animarum
1464 1674 1714 1740 periculis
1740 1675 1966 1741 aliisque
1987 1676 2141 1726 malis
2160 1677 2454 1731 innumeris

451 1758 577 1807 fidei
610 1770 665 1807 et
703 1758 954 1808 fidelibus
989 1757 1405 1808 imminentibus
1442 1777 1508 1807 ex
1543 1759 1816 1824 premissis
1853 1760 2064 1812 obviari
2082 1761 2370 1812 salubriter
2404 1775 2455 1815 et

447 1842 689 1892 celeriter
743 1842 1040 1908 cupientes,
1095 1842 1409 1893 discretioni
1447 1854 1625 1892 vestre
1662 1843 1717 1893 in
1755 1843 1962 1893 virtute
2002 1845 2308 1895 obedientie
2362 1866 2454 1913 per

444 1926 744 1991 apostolica
790 1927 992 1993 scripta
1039 1914 1339 1977 districtius
1399 1927 1748 1993 precipiendo
1809 1930 2135 1980 mandamus
2197 1930 2452 1995 quatinus

445 2012 707 2063 adversus
751 2030 839 2062 eos
886 2013 979 2077 qui
1023 2011 1286 2078 premissa
1330 2012 1685 2077 pertinaciter
1729 2031 1983 2075 asserere,
2043 2015 2330 2077 affirmare,
2361 2034 2450 2066 seu

446 2107 707 2158 astruere,
747 2098 834 2146 vel
872 2095 1244 2162 dogmatizare
1283 2107 1409 2162 post
1449 2097 1881 2163 publicationem
1934 2098 2208 2148 dictarum
2261 2119 2452 2166 appro-

444 2180 701 2244 bationis,
738 2181 1128 2242 innovationis,
1168 2192 1222 2230 et
1261 2181 1642 2234 declarationis
1681 2194 2148 2248 presumpserunt,
2169 2185 2255 2233 vel
2274 2203 2451 2250 presu-

445 2276 595 2315 ment
618 2266 674 2316 in
696 2277 997 2331 posterum,
1021 2266 1329 2331 procedere,
1354 2277 1518 2331 prout
1541 2266 1696 2316 vobis
1720 2284 1787 2315 ex
1808 2266 2054 2317 iniuncto
2083 2269 2451 2333 Inquisitionis

439 2349 614 2399 officio
653 2350 936 2416 competit,
974 2351 1130 2401 iuxta
1169 2351 1403 2399 formam
1442 2369 1715 2401 canonum
1747 2351 1932 2400 taliter
1950 2363 2143 2403 exacta
2178 2351 2452 2419 diligentia
2515 2384 2517 2386 ·

441 2434 710 2485 studeatis
746 2436 893 2500 quod
927 2446 1107 2500 preter
1142 2434 1403 2486 mercedis
1437 2446 1619 2485 eterne
1668 2435 1940 2501 premium
1959 2437 2189 2487 valeatis
2208 2448 2451 2488 nostram

438 2529 494 2567 et
514 2519 811 2584 apostolice
830 2519 980 2573 Sedis
1001 2519 1234 2583 gratiam
1255 2520 1472 2571 uberius
1493 2521 1812 2585 promereri3
1834 2539 1929 2571 nos
1948 2521 2215 2571 reddituri
2234 2522 2450 2573 nichilo-

441 2602 618 2653 minus
660 2604 725 2652 de
767 2604 1108 2669 processibus
1152 2623 1286 2669 quos
1330 2605 1456 2655 inde
1496 2604 1777 2671 feceri[ti]s
1821 2605 2091 2656 certiores.
2136 2635 2204 2642 —-
2246 2607 2447 2656 Datum

439 2686 712 2751 Avinioni,
749 2689 994 2740 kalendis
1027 2688 1157 2750 iulii,
1193 2708 1335 2739 anno
1370 2689 1597 2740 decimo.

498 2864 538 2906 1.
573 2865 703 2907 Conc.
729 2868 783 2907 de
805 2866 988 2908 Latran.
1008 2867 1189 2920 Ποσει,
1210 2866 1286 2908 lib.
1311 2866 1364 2918 V,
1388 2866 1458 2908 tit.
1483 2879 1544 2917 vl,
1569 2882 1667 2921 cap.
1692 2870 1732 2920 6,
1755 2868 1825 2921 11,
1848 2869 1918 2922 12,
1940 2869 2008 2910 17.

500 2938 538 2978 2.
574 2937 705 2979 Cone.
734 2939 788 2979 de
814 2938 959 2991 Lyon,
986 2939 1112 2979 1245.
1141 2938 1512 2990 Labbe-Cossart,
1540 2938 1723 2988 Concu„
1750 2947 1782 2980 t.
1811 2954 1878 2992 xl,
1904 2948 2022 2994 part.
2051 2941 2091 2986 1,
2120 2943 2202 2983 col.
2226 2942 2322 2983 656.

497 3010 538 3048 3.
571 3008 698 3049 Bulle
724 3009 779 3049 de
805 3009 930 3049 1291.
961 3007 1202 3061 Raynaldi,
1229 3010 1287 3050 ad
1313 3023 1416 3050 ann.
1445 3008 1572 3060 1291,
1599 3023 1642 3049 n.
1671 3023 1802 3050 xxvi.

497 3079 537 3119 4.
572 3078 880 3119 Constitution
916 3079 1024 3118 Fuit
1056 3077 1176 3131 olim,
1214 3079 1341 3130 1299,
1379 3078 1424 3119 in
1460 3078 1531 3120 die
1568 3079 1741 3120 Coenae
1781 3080 1974 3122 Domini.
2011 3082 2260 3122 Bullarium
2286 3093 2449 3123 roman.

437 3149 612 3203 pontis„
640 3150 709 3190 ed.
739 3148 1043 3202 Cocquelines,
1074 3156 1105 3190 t.
1136 3163 1204 3195 111,
1234 3156 1350 3201 part.
1382 3150 1422 3200 2,
1451 3163 1493 3202 p.
1524 3150 1671 3191 92-93.

494 3220 532 3260 5.
566 3220 798 3271 Eaetravag.
828 3233 949 3271 com„
977 3219 1052 3260 lib.
1084 3219 1137 3270 V,
1167 3218 1237 3260 tit.
1268 3232 1317 3259 11.

499 3291 538 3331 6.
571 3290 698 3331 Bulle
724 3291 786 3331 du
812 3291 836 3331 5
862 3290 1117 3343 septembre
1143 3290 1268 3330 1324.
1299 3290 1541 3344 Raynaldi,
1567 3293 1625 3334 ad
1651 3307 1755 3334 anu.
1784 3293 1914 3347 1324,
1937 3309 1981 3336 n.
2010 3308 2135 3336 xmv.
