2540 4354
883 359 1170 410 οιιὲοοιιιιι
1211 375 1268 410 ια
1971 363 2072 420 397

2 485 6 488 ’
81 497 212 557 ‘eliis
239 494 369 549 locis
401 493 590 545 vicinis
621 491 824 543 eisdem
854 501 938 541 est
969 492 1331 556 quorumdam
1365 495 1741 559 hereticorum,
1760 499 1852 563 qui
1868 517 2064 551 vocan-

87 588 89 590 ’
125 597 189 633 nr
226 577 537 638 Valdenses‚
580 575 818 626 maxima
861 573 1158 624 multitudo
1202 594 1214 625 z
1256 586 1310 625 et
1353 578 1497 642 quod
1553 579 1776 644 quidam
1817 581 2068 634 officiales

80 662 180 726 ‘qui
199 661 423 714 dilectos
451 659 630 710 filios.
640 656 1028 724 .inquisitores
1052 657 1196 706 dicte
1221 659 1509 723 pravitatis
1528 661 1582 713 in
1600 662 1802 714 eisdem
1822 665 2068 729 partibus

99 751 387 815 putatos
418 759 528 795 non
560 741 735 792 solum
768 757 877 792 non
895 740 1108 802 iuvant
1129 750 1189 789 ut
1210 741 1519 805 deberent,
1505 763 1559 795 in
1577 763 1673 795 suo
1698 746 2069 812 Inquisitionis

147 889 151 897 ..
199 844 285 890 o,
337 826 506 877 immo
562 824 756 875 multa.
787 822 1197 888 impedimenta,
1254 834 1313 873 ut
1367 827 1627 891 sequitur,
1683 840 1869 881 contra
1924 830 2067 897 ipsos

116 923 119 925 ·
186 921 333 963 tare
364 917 735 976 presumunt:
769 906 1024 957 videlicet
1057 906 1202 971 quod
1235 908 1451 959 eosdem
1484 909 1846 976 inquisitoreS,
1864 931 1933 966 ne
1950 932 2068 980 pos-

257 992 544 1061 procedere
601 1000 791 1043 contra
850 989 1024 1040 dictos
1083 989 1363 1053 hereticoS‚
1424 991 1729 1058 impediunt
1786 996 2064 1061 indirecte,

21 1095 25 1099 ’
134 1135 142 1139 ,
183 1094 293 1130 ιοιιι
315 1074 638 1142 assignando
664 1082 727 1124 ut
750 1072 1044 1140 plurimum
1068 1073 1184 1124 loca
1211 1073 1386 1125 minus
1411 1086 1533 1127 tuta
1558 1077 1627 1128 ad
1666 1080 2067 1143 procedendum

102 1182 128 1228 .'
174 1169 280 1212 tra
322 1157 585 1210 hereticos
630 1156 951 1223 prelibatos3
996 1165 1052 1205 et
1097 1156 1243 1221 quod
1287 1176 1395 1209 non
1441 1160 1770 1224 permittunt
1815 1172 1879 1212 ut
1905 1162 2068 1214 iidem

165 1270 171 1285 ·
204 1241 434 1294 titano
463 1240 763 1309 procedant
793 1239 907 1291 sine
936 1237 1113 1289 iudice
1144 1240 1370 1290 seculari
1400 1251 1456 1291 et
1488 1241 1820 1310 compellunt
1849 1247 2067 1297 eosdem

215 1352 221 1369 ·
284 1341 562 1394 processus
610 1341 734 1376 suos
783 1322 1051 1374 iudicibus
1099 1322 1428 1374 secularibus
1478 1327 1787 1390 ostendant,
1837 1329 1881 1379 si
1929 1347 2063 1395 quos

109 1463 116 1468 ,
235 1408 317 1460 ··t
358 1408 473 1461 sine
516 1407 664 1475 ipsis.
716 1406 996 1458 Hereticos
1042 1423 1259 1473 quoque
1304 1425 1396 1457 seu
1442 1420 1719 1475 suspectos
1768 1412 1832 1462 de
1878 1413 2066 1475 heresi,

119 1488 402 1564 aptivatos
467 1509 561 1559 per
625 1489 973 1556 inquisitores
1004 1490 1222 1540 eosdem
1255 1489 1329 1539 eis
1362 1490 1680 1557 irrequisitis
1715 1495 2067 1561 precipiunta

142 1578 151 1586 ”
185 1575 392 1628 ceribus
444 1573 678 1627 liberari.
738 1573 1008 1640 Requisiti
1063 1584 1304 1639 preterea
1360 1592 1389 1625 a
1446 1575 1603 1625 dictis
1659 1577 2066 1643 inquisitoribus

215 1686 221 1702 ·
280 1668 525 1728 prestent
568 1657 935 1710 iuramentum
981 1674 1011 1708 a
1058 1656 1169 1706 iure
1216 1657 1538 1723 dispositum
1584 1660 1649 1709 de
1708 1662 2067 1726 expugnando

130 1753 146 1762 “’
217 1741 353 1817 ticos
400 1752 459 1794 et
505 1751 786 1810 suspectos
835 1740 902 1791 de
951 1740 1142 1803 heresi,
1207 1740 1338 1791 illud
1404 1753 1642 1807 prestare
1693 1754 2067 1795 contemnunt.

143 1823 180 1839 “
259 1826 272 1838 ⁰
309 1825 476 1878 etiam
514 1825 721 1877 nobiles
764 1823 1074 1876 Dalsmatus
1112 1823 1353 1874 eiusdem
1395 1826 1655 1876 hereticos
1694 1838 1749 1877 et
1788 1838 2066 1894 suspectos

171 1891 371 1963 heresi
413 1920 602 1962 contra
647 1927 783 1976 quos
828 1924 921 1974 per
965 1907 1310 1973 inquisitores
1356 1909 1664 1974 proceditur
1723 1922 2070 1974 memoratos,

156 2003 364 2062 ptus
399 2011 463 2046 ac
500 1993 682 2044 fovere
721 1990 1096 2057 multipliciter
1134 2009 1241 2041 non
1280 2003 1553 2042 verentur.
1597 1994 1771 2056 Quare
1811 1995 2067 2046 devotam

15 2078 142 2081 ’
137 2139 140 2143 ,
221 2075 436 2130 tatem
471 2087 625 2128 tuam
661 2074 987 2168 requirimus
1022 2083 1079 2123 et
1116 2075 1400 2126 hortamur
1436 2075 1489 2124 in
1531 2075 1759 2126 Domino
1813 2078 2068 2142 quatinus

260 2176 347 2214 sa
388 2162 501 2212 zelo
545 2159 771 2212 fervoris
815 2158 944 2224 regii
988 2158 1178 2224 utique
1221 2159 1544 2210 detestanda
1590 2159 1785 2209 devote
1829 2162 2072 2212 conside-

174 2300 178 2302 ,
216 2280 234 2309 ,
264 2244 341 2297 eis
372 2254 428 2296 et
461 2244 746 2306 similibus,
781 2243 846 2293 de
882 2242 1080 2308 quibus
1115 2241 1361 2307 diligenti
1389 2241 1554 2293 facias
1572 2242 1919 2307 indagatione
1955 2262 2070 2310 per·

213 2321 231 2340 ²
290 2338 410 2380 toto
453 2339 551 2380 tuo
594 2327 716 2379 nisu
761 2344 856 2393 pro
906 2325 1003 2375 Dei
1046 2335 1102 2375 et
1145 2325 1290 2376 dicte
1337 2325 1463 2376 fidei
1504 2326 1805 2378 reverentia
1850 2328 2070 2378 studeas

343 2411 409 2464 ·is
443 2411 694 2464 remediis
731 2409 972 2472 obviare,
1012 2408 1311 2475 precipiens
1350 2409 1423 2474 (a)
1461 2408 1713 2475 expedite
1750 2410 1862 2461 sine
1900 2410 2069 2476 quoli-

168 2492 644 2563 inpedimento
630 2512 686 2545 in
717 2492 991 2560 premissis
1020 2502 1076 2541 et
1105 2491 1241 2554 aliis,
1273 2509 1377 2557 que
1407 2508 1503 2557 pro
1533 2491 1676 2541 dicte
1710 2491 1834 2542 fidei
1863 2510 2070 2544 conser-

260 2607 263 2619 ·
295 2614 300 2620 -
346 2577 501 2631 utilia
538 2587 701 2629 erunt
739 2595 836 2644 pro
875 2586 1139 2642 tempore,
1179 2574 1254 2625 sic
1292 2585 1346 2624 te
1384 2574 1614 2624 reddens
1642 2574 1929 2639 fervidum,
1949 2575 2077 2626 soh-

175 2669 207 2691 '·
242 2688 246 2701 ι
292 2678 356 2714 ac
418 2671 756 2728 promptum,
792 2659 938 2726 quod
974 2657 1123 2725 pugil
1157 2658 1478 2723 magnificus
1513 2657 1754 2708 eiusdem
1792 2658 1916 2708 fidei
1951 2676 2066 2724 pre-

216 2741 334 2796 θ«ιιι
358 2755 417 2796 et
442 2744 643 2796 futuris
671 2742 1011 2809 temporibus
1039 2741 1323 2808 reputeris,
1355 2751 1411 2791 et
1437 2743 1584 2808 apud
1617 2742 1790 2792 Deum
1818 2752 1872 2791 et
1901 2741 2069 2791 homi·

208 2826 345 2880 voris
366 2827 591 2881 laudum
615 2826 879 2895 preconiis
898 2824 1177 2891 gloriosius
1193 2824 1487 2888 extollaris,
1506 2825 1820 2890 dictumque
1846 2841 2068 2889 regnum

160 2898 200 2965 '7'
197 2918 229 2979 ἶ,
293 2910 573 2965 ·hintus
558 2929 613 2962 ιιι
637 2926 735 2962 sua
760 2918 1019 2960 consueta
1045 2907 1336 2958 devotione
1361 2917 1416 2957 et
1441 2908 1651 2959 cultura
1682 2907 1805 2957 fidei
1831 2906 2067 2958 median-

168 2982 184 2991 ⁶
247 2994 387 3046 ·tuis
430 2994 532 3062 piis
575 2993 830 3061 operibus
874 3002 930 3042 et
973 2991 1252 3043 favoribus
1297 3002 1699 3041 conserventur.
1747 3018 1811 3025 —
1860 2989 2061 3039 Datum

163 3071 361 3142 s‘ssw‘m0,
395 3096 451 3129 vi
487 3078 743 3131 kalendas
777 3075 977 3143 aprilis,
1013 3093 1154 3126 anno
1193 3074 1367 3124 tertio.

159 3211 173 3268 s
186 3190 328 3270 isse..
349 3228 361 3258 =
382 3217 548 3272 percipi
567 3217 644 3259 eis.

158 3349 175 3413 ,ἒ
214 3338 322 3392 'Voir
345 3363 389 3392 ιι.
415 3345 514 3406 257,
540 3359 645 3395 note
670 3353 710 3399 1.

164 3463 178 3494 4
216 3415 303 3460 Sur
316 3418 497 3463 l'action
515 3423 571 3464 de
589 3422 795 3478 Gregoire
818 3425 883 3468 Χί
904 3435 1056 3468 contre
1077 3427 1135 3468 les
1158 3425 1358 3477 vaudois,
1380 3424 1474 3466 voir
1494 3439 1536 3466 n.
1573 3423 1758 3465 286-308
1794 3433 1840 3466 et
1874 3425 2057 3466 l'Intro·

197 3507 290 3540 ··,
317 3502 361 3543 p.
396 3503 488 3533 ινιι
519 3505 586 3546 sq.
