2540 4354
498 379 600 433 414
898 399 1182 434 ΒυιιΑιΒΕ
1224 399 1298 431 DE
1340 378 1755 440 L’1NQU1s1‘r10N
1799 401 2115 448 FRANQMSE

483 518 643 567 ‘cium
684 517 915 567 fideliter
953 516 1254 567 obediendo
1294 516 1449 568 iuxta
1490 518 1776 569 canonicas
1815 520 2142 583 sanctiones,
2183 519 2329 586 quod
2390 537 2496 570 non

499 611 753 667 oporteat
777 619 894 663 nos,
923 600 1016 666 qui
1040 601 1158 667 pati
1182 611 1405 651 tantum
1432 601 1725 652 discrimen
1750 603 1894 653 dicte
1923 604 2049 654 fidei
2073 622 2182 655 non
2221 604 2500 664 debemus,

497 695 686 736 contra
718 695 873 736 tuam
905 685 1218 734 huiusmodi
1249 685 1635 749 negligentiam
1655 686 1884 736 nimium
1920 688 2109 754 utique
2142 687 2495 753 periculosam

495 770 640 820 aliud
686 769 1005 832 remedium,
1052 770 1196 834 quod
1242 788 1350 819 non
1395 788 1676 834 possemus
1720 789 1816 821 nec
1861 762 2180 821 deberemus
2227 768 2496 831 omittere,

495 865 658 921 prout
689 855 757 905 ad
790 855 962 905 nostri
993 855 1336 920 apostolatus
1369 865 1584 919 spectat
1616 855 1871 917 osticium,
1904 856 2179 918 adhibere,
2212 866 2266 904 et
2311 856 2351 904 si
2398 856 2495 905 hoc

493 949 905 1006 contempneres
960 957 1116 1004 agere
1171 958 1431 1003 magnum
1500 939 1858 1005 proculdubio
1927 941 2223 991 incurreres
2293 939 2494 1005 pericu-

488 1024 603 1074 lum
631 1033 809 1075 status
837 1024 937 1074 tui.
962 1024 1214 1074 Ceterum
1234 1035 1296 1073 ut
1324 1034 1512 1075 contra
1541 1025 1855 1074 huiusmodi
1881 1025 2145 1074 hereticos
2174 1035 2228 1073 et
2255 1024 2492 1074 fautores

488 1126 677 1158 eorum
717 1108 986 1160 efficacius
1028 1109 1375 1175 procedatur,
1418 1109 1787 1159 venerabilem
1828 1109 2055 1160 fratrem
2095 1119 2346 1159 nostrum
2388 1108 2493 1159 An-

488 1193 761 1256 thonium,
794 1193 1113 1259 episcopum
1147 1194 1403 1255 Massam,
1437 1194 1736 1259 apostolice
1770 1194 1919 1244 Sedis
1965 1193 2242 1256 nuntium,
2300 1194 2489 1244 harum

485 1278 738 1342 latorem,
772 1279 842 1329 ad
877 1279 1051 1329 dictas
1087 1288 1270 1344 partes
1307 1278 1606 1343 dirigimus,
1644 1278 1730 1328 cui
1763 1289 1919 1329 tuam
1939 1278 2308 1329 assistentiam
2343 1277 2489 1327 exhi-

486 1362 613 1413 beas
647 1363 702 1413 in
737 1363 958 1414 consilio
996 1363 1144 1413 fideli
1175 1381 1238 1414 ac
1272 1363 1476 1414 auxilio
1510 1373 1566 1412 et
1599 1363 1804 1426 favore,
1841 1364 2138 1428 credasque
2171 1362 2394 1412 indubie
2425 1380 2484 1414 ea

485 1465 590 1512 que
629 1448 695 1497 de
735 1447 992 1513 predictis
1035 1447 1109 1514 (a)
1149 1466 1218 1498 ex
1256 1458 1412 1514 parte
1453 1458 1640 1499 nostra
1681 1448 1785 1497 tibi
1823 1447 2044 1498 duxerit
2081 1447 2379 1498 referenda.
2422 1475 2488 1483 —

483 1531 691 1583 Datum
728 1532 1003 1594 Avinioni,
1040 1532 1196 1583 nonis
1235 1533 1380 1595 maii,
1418 1551 1561 1584 anno
1601 1533 1811 1598 quinto.

537 1711 578 1752 1.
612 1710 791 1752 Charles
824 1711 877 1751 de
906 1710 1125 1764 Bouville,
1155 1710 1232 1765 qui
1262 1711 1435 1764 devint,
1466 1725 1520 1752 en
1550 1712 1678 1764 1378,
1708 1711 1959 1754 lieutenant
1989 1714 2050 1754 du
2080 1714 2296 1768 dauphin,
2329 1712 2486 1754 vicaire

478 1779 697 1835 imperial.
725 1781 772 1822 P.
799 1781 1028 1835 Fournier,
1052 1782 1111 1822 Le
1132 1795 1337 1835 royaume
1358 1782 1530 1822 d’Arles
1552 1787 1589 1822 et
1611 1781 1661 1822 de
1687 1782 1870 1835 Vienne,
1895 1783 2032 1836 Paris,
2056 1784 2184 1837 1891,
2208 1800 2250 1838 p.
2276 1786 2371 1826 507.

1306 2199 1619 2258 -292-

547 2370 619 2421 Le
663 2386 802 2435 pape
847 2366 1047 2416 exhorte
1093 2364 1163 2414 les
1210 2363 1543 2428 archeveques
1589 2373 1634 2412 et
1679 2366 1886 2428 evaque-s·
1932 2363 1992 2413 de
2046 2363 2246 2413 Vienne
2267 2362 2304 2426 ¹,
2353 2363 2471 2413 Em-

455 2454 608 2506 ⁴brun
631 2457 667 2517 ²,
725 2450 1032 2503 Tarentaise
1058 2449 1093 2512 3,
1155 2449 1376 2499 Valence
1399 2449 1435 2510 ⁴,
1498 2447 1702 2497 Viviers
1727 2449 1763 2510 ⁵,
1826 2447 2116 2498 Grenoble⁶
2146 2458 2190 2497 et
2240 2445 2472 2498 Geneve⁷

456 2526 500 2588 a
534 2549 704 2589 mettre
737 2537 812 2602 fin
841 2539 874 2586 ἀ
903 2535 1014 2585 leur
1045 2531 1347 2598 negligence
1391 2542 1435 2581 et
1478 2534 1510 2580 ὰ
1551 2531 1794 2581 seconder
1822 2532 1882 2582 de
1912 2532 2049 2581 leurs
2080 2532 2299 2582 conseils
2341 2541 2385 2581 et
2411 2531 2471 2582 de

467 2624 578 2674 leur
620 2639 867 2673 concours
912 2618 1101 2684 effectis
1143 2616 1503 2682 l’inquisiteur
1546 2616 1804 2677 Francois
1850 2617 2073 2666 Βοννεί8
2129 2626 2173 2665 et
2228 2617 2271 2666 le
2314 2633 2468 2666 nonce

466 2706 714 2769 Antoine,
750 2708 931 2770 e've'que
963 2703 1023 2754 de
1058 2702 1249 2751 Massa
1270 2699 1308 2763 ⁹,
1345 2700 1556 2765 charges
1589 2718 1688 2765 par
1721 2701 1764 2750 le
1797 2699 2134 2765 Saint—Siege
2180 2701 2239 2750 de
2271 2699 2469 2750 reduire

450 2774 534 2841 ⁴les
568 2790 785 2841 vaudois
815 2789 875 2839 de
905 2807 983 2839 ces
1015 2789 1254 2838 contreeS.
1291 2785 1367 2835 Ils
1398 2785 1608 2835 devront
1637 2785 1878 2850 defendre
1935 2786 2006 2835 les
2037 2785 2268 2835 ouvriers
2314 2785 2373 2834 de
2417 2783 2467 2833 la

448 2867 536 2941 ‘soi
570 2887 615 2926 et
648 2873 869 2925 recevoir
901 2873 1035 2924 dans
1069 2872 1206 2922 leurs
1239 2869 1452 2936 pri-sons
1500 2870 1571 2920 les
1619 2870 1898 2935 coupables
1946 2869 2104 2935 qu’ils
2153 2869 2263 2919 leur
2294 2877 2467 2918 remet-

457 2971 607 3012 tront.
643 2989 712 2996 —-
744 2960 919 3010 Meme
952 2959 1098 3010 date.

806 3094 913 3147 Reg.
944 3091 1069 3146 Vat.,'
1084 3099 1118 3133 t.
1147 3106 1353 3147 ccrxvn,
1376 3092 1452 3136 fol.
1480 3094 1555 3144 21;
1581 3094 1822 3148 Wadding,
1849 3096 1923 3136 loc.
1951 3096 2038 3149 cit„
2064 3110 2107 3136 n.
2135 3108 2235 3136 xvn
2265 3092 2328 3148 (in
2350 3089 2460 3144 exa).

2532 2999 2540 3128 ,ἰ

2530 3130 2534 3196 1

530 3213 942 3267 Venerabilibus
978 3212 1241 3264 fratribus
1274 3252 1303 3264 ..
1340 3213 1622 3277 Viennen.,
1742 3215 2087 3267 Ebredunen.
2137 3225 2227 3264 et..
2261 3212 2460 3264 Taran-
2528 3212 2531 3263 Γ

454 3301 647 3354 tasien.
681 3297 1118 3364 archiepiscopis,
1150 3314 1363 3348 necnon
1392 3336 1423 3349 ..
1446 3298 1720 3360 Valenfin,
1748 3337 1780 3348 ..
1828 3298 2102 3361 Vivarien,
2124 3339 2154 3349 ..
2178 3296 2455 3349 Gratiano·

2525 3295 2528 3326 ἰ

454 3385 683 3453 politan.
720 3394 825 3434 et..
862 3382 1172 3432 Gebennen.
1211 3381 1770 3448 episcopis,salutem,
1807 3393 1910 3433 etc.
1950 3411 2018 3417 —
2050 3382 2236 3432 Omnis
2281 3379 2352 3447 (b)
2370 3394 2454 3429 ne·
2521 3413 2523 3421 η

453 3469 708 3535 gligentia
755 3468 810 3518 in
857 3465 1232 3533 spiritualibus
1279 3467 1440 3516 rebus
1502 3466 1802 3532 perniciosa
1866 3477 2116 3517 censetur
2191 3465 2275 3531 (c),
2336 3478 2451 3512 cum
2517 3501 2520 3510 .

506 3646 560 3700 (α)
596 3643 821 3696 Wadding
853 3657 862 3683 ε
895 3642 1090 3696 prefatis.

502 3716 560 3770 (b)
595 3714 820 3766 Wadding
850 3728 859 3754 ε
891 3713 1113 3767 Quamvis,

447 3790 450 3791 ’
505 3786 557 3840 (c)
592 3783 818 3835 Wadding
849 3798 858 3824 :
891 3791 1124 3827 censeatur.
