2540 4354
403 297 506 350 496
794 316 1085 351 nummus
1128 318 1203 350 DE
1246 297 1663 358 ιἰΝρυιειΤιοΝ
1707 315 2032 362 mauriense

403 441 592 484 contra
632 432 853 483 eosdem
893 432 1036 483 cives
1076 444 1132 483 et
1171 443 1448 482 consortes
1489 431 1828 483 formaverat
1864 443 1922 482 et
1959 433 2015 484 in
2054 432 2416 485 examinatio·
2475 434 2477 437 ’

399 533 525 566 nem
595 515 911 566 huiusmodi
979 516 1186 582 negotii
1254 515 1565 582 predictum
1635 516 2022 582 inquisitorem
2070 529 2414 584 prevenerat,

401 618 495 655 per
549 600 829 666 prefatum
885 600 1271 667 inquisitorem
1327 618 1381 650 se
1436 599 1649 650 remitti
1703 601 1988 652 humiliter
2032 602 2413 669 postularunt3

403 684 496 748 qui
544 694 733 734 tamen
784 696 975 735 contra
1027 684 1303 735 iusticiam
1354 685 1456 733 hoc
1505 683 1682 733 facere
1733 684 2027 749 denegans,
2079 695 2134 734 et
2184 685 2411 738 ulterius

400 779 589 818 contra
631 768 776 834 ipsos
820 768 962 820 cives
1004 780 1060 819 et
1102 781 1382 819 consortes
1424 767 1479 817 in
1518 769 1711 817 eodem
1757 768 2136 834 Inquisitionis
2192 769 2410 835 negotio

397 853 463 903 de
512 853 659 902 facto
709 853 1026 918 procedens,
1077 854 1146 903 ab
1208 852 1414 902 eisdem
1478 851 1688 901 civibus
1752 852 1995 903 diversas
2058 853 2414 918 pecuniarum

395 955 658 998 summas,
712 948 846 988 tunc
897 937 1111 988 ratione
1166 947 1442 987 certarum
1494 936 1918 1002 scripturarum,
1975 956 2209 1003 quarum
2239 948 2414 990 trans·

394 1031 618 1086 sumpta
658 1039 752 1071 seu
793 1021 976 1087 copias
1017 1022 1086 1070 ab
1124 1020 1244 1087 ipso
1283 1019 1611 1086 inquisitore
1650 1039 1745 1070 seu
1783 1020 1897 1071 eius
1939 1021 2085 1071 curia
2125 1021 2181 1072 in
2217 1022 2408 1074 eodem

396 1105 615 1170 negotio
649 1115 993 1171 receperunt,
1029 1115 1150 1155 tum
1183 1104 1354 1154 etiam
1387 1103 1602 1154 ratione
1636 1104 1948 1170 aliquarum
1982 1105 2258 1156 dictarum
2294 1107 2409 1173 (sic)

395 1201 451 1239 ct
486 1207 856 1255 expensarum
891 1208 988 1256 per
1020 1189 1202 1255 ipsum
1237 1188 1622 1254 inquisitorem
1657 1188 1713 1239 in
1748 1190 1850 1238 hac
1885 1200 2060 1255 parte,
2099 1201 2160 1240 ut
2196 1202 2410 1256 preten-

395 1273 580 1335 debat,
615 1273 671 1324 in
703 1274 895 1323 eodem
929 1273 1147 1338 negotio
1183 1273 1459 1322 factarum
1494 1272 1744 1334 extorsit,
1780 1273 1868 1322 illa
1888 1272 2215 1336 intentione,
2247 1287 2411 1340 prout

396 1358 653 1419 creditur,
702 1359 850 1422 quod
894 1376 989 1424 per
1035 1359 1249 1407 crebras
1297 1357 1575 1407 molestias
1620 1356 1766 1422 ipsos
1815 1369 2031 1422 cogeret
2053 1359 2121 1407 ad
2142 1358 2408 1410 redimen-

393 1444 525 1493 dum
568 1442 622 1491 in
666 1443 767 1491 hac
811 1454 967 1508 parte
1012 1440 1366 1495 vexationem
1409 1460 1567 1495 suam
1611 1443 1679 1492 ab
1738 1442 1946 1492 eodem.
2008 1444 2143 1493 Cum
2200 1450 2405 1506 autem,

391 1527 534 1577 sicut
595 1527 788 1577 eadem
851 1525 1047 1592 petitio
1109 1524 1499 1589 subiungebat,
1564 1524 1823 1590 predictis
1887 1525 2098 1576 civibus
2143 1528 2408 1579 reddatur

392 1611 552 1662 nimis
609 1610 827 1661 difficile
881 1628 975 1661 seu
1030 1608 1445 1676 dispendiosum
1499 1608 1554 1658 in
1609 1609 1884 1675 premissis
1942 1628 2126 1660 coram
2180 1611 2405 1664 diversis

392 1695 665 1746 iudicibus
709 1694 924 1760 litigare
966 1713 1063 1760 pro
1107 1704 1266 1760 parte
1307 1692 1553 1758 ipsorum
1598 1693 1802 1744 civium
1845 1694 2213 1745 asserentium
2258 1696 2403 1762 quod

391 1780 575 1847 parati
608 1780 720 1830 sint
755 1798 941 1829 coram
975 1781 1146 1829 altero
1181 1778 1428 1844 ipsorum
1463 1777 1706 1829 officialis
1741 1789 1798 1828 et
1829 1777 2169 1844 inquisitoris
2202 1779 2256 1831 in
2289 1799 2404 1846 pre-

391 1866 566 1918 missis
586 1867 865 1917 duntaxat
883 1874 1029 1918 stare
1047 1864 1151 1914 iuri
1168 1863 1273 1914 fuit
1291 1861 1449 1912 nobis
1469 1863 1750 1913 humiliter
1769 1863 2147 1929 supplicatum
2168 1876 2229 1914 ut
2245 1884 2404 1932 super

389 1953 490 2001 hoc
538 1951 611 2001 eis
663 1959 933 2015 oportune
981 1949 1270 2015 providere
1334 1945 1403 1994 de
1450 1947 1793 2013 benignitate
1854 1948 2156 2014 apostolica
2218 1949 2402 2015 digna-

387 2054 586 2086 remur.
631 2035 739 2084 Nos
779 2033 970 2099 itaque
1007 2034 1324 2084 huiusmodi
1362 2032 1857 2101 supplicationibus
1896 2032 2164 2095 inclinati,
2205 2033 2399 2084 discre-

386 2120 526 2170 tioni
574 2131 669 2169 tue
719 2137 814 2185 per
864 2117 1166 2184 apostolica
1217 2119 1421 2186 scripta
1474 2118 1821 2179 mandamus,
1875 2117 2136 2183 quatinus
2188 2117 2398 2168 vocatis

386 2203 645 2270 predictis
696 2202 913 2254 officiali
960 2212 1016 2251 et
1063 2202 1388 2268 inquisitore
1437 2213 1493 2252 et
1542 2202 1658 2251 aliis
1710 2201 1804 2267 qui
1852 2202 2057 2252 fuerint
2105 2201 2399 2264 evocandi,

384 2300 440 2338 et
488 2288 691 2339 auditis
740 2287 996 2338 hincinde
1044 2287 1340 2353 propositis
1389 2289 1457 2338 ad
1507 2306 1670 2353 quem
1717 2286 2292 2352 ipsorummofficialis
2338 2297 2394 2336 et

383 2372 721 2438 inquisitoris
767 2371 1004 2436 cognitio
1048 2370 1364 2422 huiusmodi
1405 2370 1616 2436 negocii
1656 2371 1720 2421 de
1766 2371 2161 2422 consuetudine
2203 2373 2290 2422 vel
2330 2371 2395 2421 de

382 2459 495 2509 iurc
548 2457 841 2523 pertineat,
894 2455 1231 2507 auctoritate
1269 2455 1591 2522 apostolica,
1630 2454 1818 2521 previa
1855 2455 2070 2506 ratione
2121 2455 2394 2515 decernas,

379 2555 435 2594 et
478 2542 620 2593 illius
668 2560 735 2591 ex
778 2540 985 2591 eisdem
1031 2539 1249 2590 officiali
1293 2552 1348 2590 et
1392 2539 1708 2606 inquisitori
1751 2540 1821 2589 ad
1868 2557 2031 2606 quem
2076 2537 2389 2590 huiusmodi

380 2627 588 2692 negotii
625 2625 996 2690 cognitionem
1031 2623 1307 2690 pertinere
1344 2623 1681 2689 cognoveris,
1719 2635 1903 2689 partes
1940 2623 2085 2689 ipsas
2122 2633 2176 2672 et
2212 2621 2391 2672 huius-

383 2710 532 2762 modi
574 2708 780 2775 negotii
824 2707 1156 2760 decisionem
1200 2709 1408 2774 absque
1454 2708 1799 2770 difficultate,
1845 2718 1902 2757 et
1945 2708 2164 2758 sublato
2211 2706 2390 2773 appel-

379 2794 600 2846 lationis
651 2794 937 2846 obstaculo
986 2794 1179 2846 eadem
1229 2792 1563 2842 auctoritate
1610 2791 1882 2855 remittas,
1911 2790 2118 2856 reliquo
2152 2807 2220 2840 ex
2266 2787 2391 2855 ipsis

381 2898 446 2929 nc
485 2879 738 2944 deinceps
777 2878 843 2927 de
879 2876 1048 2942 ipsius
1086 2875 1294 2942 negotii
1330 2875 1660 2942 cognitione,
1698 2874 1957 2926 videlicet
1993 2875 2212 2926 eosdem
2249 2873 2389 2924 cives

385 2963 604 3013 citando
658 2963 746 3012 vel
797 2961 1089 3022 monendo,
1142 2962 1230 3010 vel
1281 2971 1470 3011 contra
1523 2978 1612 3010 eos
1664 2960 1871 3026 aliquid
1924 2959 2071 3010 aliud
2123 2957 2388 3019 faciendo,

379 3047 435 3098 in
484 3048 676 3097 codem
726 3055 887 3111 cepto
946 3043 1324 3110 Inquisitionis
1375 3043 1595 3110 negotio
1662 3043 1979 3093 huiusmodi
2044 3061 2225 3093 coram
2274 3040 2387 3107 ipso

379 3141 544 3180 vexet
579 3141 676 3180 aut
711 3130 985 3190 molestet,
1022 3147 1084 3178 ac
1118 3147 1338 3193 prorsus
1373 3127 1450 3177 nil
1483 3137 1812 3193 attemptet;
1845 3137 1900 3176 et
1932 3126 2155 3192 insuper
2186 3125 2385 3178 eisdem

380 3213 590 3264 civibus
640 3213 685 3264 si
734 3214 923 3264 forsan
972 3212 1256 3264 occasione
1307 3210 1699 3278 premissorum
1749 3228 1845 3277 per
1907 3210 2052 3277 ipsos
2104 3208 2383 3260 officialem

376 3298 464 3349 vel
501 3297 887 3363 inquisitorem
927 3296 1246 3347 huiusmodi
1285 3307 1383 3347 aut
1422 3296 1658 3346 alterum
1697 3313 1887 3345 eorum
1926 3291 2385 3346 excommunicati

377 3382 599 3443 fuerint,
641 3381 686 3431 si
723 3383 825 3431 hoc
865 3380 1147 3431 humiliter
1186 3379 1464 3447 petierint,
1507 3381 1576 3430 ab
1616 3378 1932 3430 huiusmodi
1951 3375 2386 3429 excommunica·

375 3466 539 3516 tionis
567 3465 843 3516 sententia
871 3465 939 3515 ad
967 3466 1243 3515 cautelam
1269 3465 1461 3514 eadem
1489 3463 1824 3514 auctoritate
1850 3464 2105 3514 absolvas
2132 3461 2187 3511 in
2211 3461 2380 3510 forma

380 3548 619 3599 Ecclesie
667 3558 947 3611 consueta,
990 3547 1421 3598 contradictores
1468 3565 1562 3613 per
1603 3564 1889 3598 censuram
1942 3544 2376 3606 ecclesiasticam,

375 3644 479 3682 etc.
528 3633 652 3682 Non
694 3632 1053 3683 obstantibus
1111 3642 1229 3682 tam
1285 3632 1371 3699 pie
1427 3631 1687 3682 memorie
1742 3630 2013 3685 Bonifacii
2057 3646 2198 3697 pape
2245 3624 2378 3678 VIII

372 3716 765 3782 predecessoris
813 3716 988 3768 nostri
1037 3715 1092 3768 in
1140 3716 1338 3782 quibus
1390 3725 1618 3766 cavetur
1666 3725 1745 3777 ut,
1795 3733 1919 3766 cum
1967 3724 2124 3766 actor
2170 3721 2225 3762 et
2259 3725 2377 3761 reus
