2540 4354
450 387 551 438 282
838 406 1126 441 nuLLAmE
1164 408 1235 440 DE
1278 388 1692 447 L'INQUISITloN
1736 403 2054 445 FRANQAISE

1283 589 1503 649 —183
1542 624 1620 633 —

520 750 698 808 Pie‘rre
743 756 864 817 Gai,
903 755 1254 817 dominicain,
1294 766 1365 807 est
1402 757 1606 807 nomme'
1644 752 1963 821 inqui-sitem
1999 755 2058 806 de
2099 754 2458 806 Toulouse.-

446 841 716 907 Avignon‚
756 842 820 892 24
857 841 1035 906 juillet
1075 841 1225 892 1342.

798 976 1077 1029 Ηεὲ.Ἀι·εη.,
1103 983 1134 1017 t.
1161 990 1289 1016 van
1318 975 1468 1028 (Clem.
1494 977 1576 1029 VI,
1597 973 1760 1027 t..x11),
1783 974 1859 1015 fol.
1883 974 1936 1014 40
1962 981 2026 1027 v0,
2049 989 2090 1014 n.
2117 989 2231 1014 xxx.

521 1099 732 1148 Dilecto
777 1098 884 1148 filio
929 1100 1088 1148 Petro
1132 1097 1394 1148 Guidonis
1418 1097 1457 1157 1,
1501 1096 1702 1147 ordinis
1745 1097 1977 1147 fratrum
2032 1095 2455 1160 predicatorum,

444 1184 697 1243 salutem,
742 1193 844 1232 etc.
889 1211 957 1217 —
1001 1182 1150 1232 Licet
1193 1182 1424 1232 ubilibet
1468 1179 1618 1231 Sedis
1661 1180 1960 1246 apostolice
2017 1180 2297 1243 diligentia
2365 1181 2455 1231 ad-

444 1285 631 1317 versus
675 1267 910 1317 heretice
941 1267 1236 1332 pravitatis
1267 1268 1391 1317 labe
1423 1284 1714 1332 respersos,
1748 1284 1980 1330 quorum
2012 1265 2256 1329 nequitia
2290 1265 2456 1330 serpit

445 1362 506 1402 ut
539 1370 747 1413 cancer,
770 1370 837 1402 ne
860 1352 914 1402 in
935 1352 1167 1402 aliorum
1203 1351 1497 1416 perniciem
1533 1369 1629 1401 sua
1667 1367 1876 1400 venena
1917 1349 2253 1409 diffundant,
2290 1367 2455 1398 reme·

451 1437 601 1486 dium
632 1436 866 1486 libenter
918 1436 1182 1486 adhibeat
1223 1446 1578 1501 oportunum,
1633 1435 1688 1485 in
1728 1435 2036 1485 Tholosana
2091 1444 2278 1484 tamen
2333 1433 2457 1483 civi-

442 1531 559 1572 tate
596 1540 659 1571 ac
695 1520 915 1586 dyocesi
950 1520 1177 1586 aliisque
1215 1520 1535 1571 civitatibus
1573 1530 1628 1569 et
1663 1518 2007 1584 dyocesibus,
2046 1518 2255 1579 castris,
2294 1518 2451 1579 villis,

442 1605 570 1656 locis
605 1615 660 1654 et
692 1604 939 1655 terminis
973 1605 1112 1655 infra
1147 1623 1373 1670 regnum
1410 1604 1634 1656 Francie
1668 1603 1984 1654 constitutis
2017 1603 2072 1653 in
2106 1603 2304 1668 quibus
2338 1621 2453 1668 per-

442 1708 572 1740 sone
610 1689 743 1740 dicti
779 1689 982 1740 ordinis
1019 1689 1368 1755 inquisitores
1433 1689 1726 1755 pravitatis
1789 1688 2031 1738 eiusdem
2096 1705 2188 1753 per
2262 1687 2452 1737 Sedem

442 1775 801 1841 apostolicam
852 1774 1116 1842 deputate
1166 1775 1398 1825 Tholose
1450 1773 1753 1825 comuniter
1801 1773 2098 1824 residentes
2163 1792 2451 1824 consueve-

439 1870 570 1910 runt
595 1877 685 1909 seu
716 1870 1018 1925 potuerunt
1043 1878 1205 1925 super
1230 1861 1510 1926 pravitate
1530 1859 1773 1926 predicta
1813 1859 2188 1923 Inquisitionis
2218 1858 2452 1908 officium

440 1962 688 1994 exercere
727 1963 795 1994 ex
834 1945 1081 2010 specialis
1125 1938 1480 2010 benignitatis
1521 1945 1744 2005 affectu,
1798 1943 2054 2010 precipue
2106 1943 2355 2009 cupimus
2395 1953 2454 1992 ut

438 2029 722 2094 negotium
757 2029 884 2078 fidei
912 2030 1023 2094 iugi
1054 2030 1305 2095 profectu
1335 2030 1477 2080 elisis
1510 2030 1732 2079 omnino
1763 2039 1818 2078 et
1848 2028 2138 2079 eradicatis
2184 2028 2450 2078 erroribus

439 2124 807 2180 prosperetur,
846 2132 907 2163 ac
948 2114 1080 2164 fides
1118 2114 1388 2165 catholica
1426 2115 1626 2164 forcius
1663 2114 1986 2175 invalescat,
2024 2114 2092 2164 ad
2112 2115 2208 2163 hec
2227 2132 2320 2179 per
2354 2132 2449 2164 nos

438 2208 493 2247 et
535 2197 666 2248 alios
710 2199 1082 2249 desiderantes
1125 2199 1394 2249 attentius
1438 2199 1662 2264 vigilare
1704 2202 1982 2266 talemque
2024 2199 2093 2251 ad
2136 2198 2450 2249 huiusmodi

438 2283 723 2346 negocium
775 2283 901 2333 fidei
945 2283 1150 2334 ibidem
1195 2283 1488 2334 efficaciter
1534 2285 1973 2350 promovendum
2021 2285 2287 2350 deputare
2333 2302 2445 2350 per-

437 2385 627 2417 sonam
681 2368 831 2417 cuius
885 2369 1114 2419 honesta
1168 2369 1511 2419 conversatio
1564 2371 1877 2436 exemplum
1930 2369 2141 2420 tribuat
2195 2368 2446 2435 puritatis

436 2452 660 2517 eiusque
708 2452 851 2503 labia
903 2453 1118 2503 erudita
1170 2453 1480 2505 doctrinam
1532 2455 1770 2505 fundant
1819 2472 1945 2504 vere
1993 2454 2261 2520 sapientie
2309 2455 2444 2504 salu-

438 2547 629 2598 tarem,
678 2547 740 2586 ut
785 2537 898 2587 eius
946 2556 1099 2588 sacro
1149 2538 1450 2589 ministerio
1500 2558 1659 2589 omne
1705 2538 2039 2590 fermentum
2086 2539 2282 2589 exinde
2312 2537 2444 2590 labis

437 2621 750 2672 huiusmodi
784 2633 1145 2688 expurgetur3
1181 2624 1247 2673 ad
1286 2642 1575 2690 personam
1610 2624 1776 2689 igitur
1810 2625 1983 2686 tuam,
2021 2642 2187 2690 quam
2234 2622 2444 2674 sinceri·

439 2716 553 2756 tate
587 2706 859 2771 religionis
895 2718 951 2756 et
989 2708 1132 2769 fidei,
1172 2709 1497 2758 maturitate
1534 2728 1747 2759 morum
1783 2720 1838 2759 et
1871 2709 2182 2760 litterarum
2218 2707 2442 2758 sciencia

435 2790 688 2840 dominus
739 2791 1041 2857 insignivit,
1092 2804 1276 2843 nostre
1328 2793 1621 2858 dirigentes
1674 2793 2125 2844 considerationis
2164 2792 2454 2853 intuitum,

435 2885 487 2923 te
533 2875 913 2941 inquisitorem
958 2877 1201 2927 eiusdem
1248 2878 1483 2928 heretice
1529 2879 1821 2944 pravitatis
1867 2878 1922 2929 in
1966 2878 2274 2930 Tholosana
2319 2876 2441 2927 civi-

436 2970 552 3010 tate
587 2979 648 3010 ac
685 2962 921 3027 dyocesi,
958 2962 1186 3027 aliisque
1222 2963 1541 3013 civitatibus
1576 2975 1632 3013 et
1667 2963 1990 3026 diocesibus,
2042 2963 2249 3025 castris,
2286 2962 2442 3023 villis,

435 3045 562 3094 locis
597 3056 651 3094 et
685 3046 931 3096 terminis
966 3047 1261 3097 antedictis
1296 3048 1631 3098 auctoritate
1665 3049 1966 3115 apostolica
2002 3060 2174 3114 usq'ue
2206 3049 2275 3099 ad
2308 3047 2439 3097 eius·

435 3130 557 3178 dem
601 3129 750 3180 Sedis
792 3132 1198 3197 beneplacitum
1240 3133 1590 3198 deputamus,
1632 3133 1946 3185 discretioni
1984 3144 2079 3184 tue
2118 3141 2439 3200 peraposto·

434 3213 535 3264 lica
572 3215 774 3280 scripta
806 3217 1150 3278 mandanteS‚
1175 3217 1456 3284 tibiquein
1471 3203 1845 3269 remissionem
1863 3218 2242 3285 peccaminum
2275 3215 2441 3266 iniun-

434 3309 620 3363 gentes
669 3301 929 3364 quatinus
978 3302 1032 3351 in
1080 3302 1311 3353 caritate
1361 3303 1477 3364 Dei,
1526 3304 1812 3355 hominum
1858 3304 2054 3354 timore
2120 3289 2470 3370 postpositos

434 3383 699 3434 virtutem
742 3385 964 3451 spiritus
1007 3386 1237 3436 induens
1280 3406 1346 3436 ex
1382 3388 1529 3449 Alto,
1562 3388 1870 3454 predictum
1918 3387 2290 3453 Inquisitionis
2331 3385 2437 3435 offi-

433 3466 575 3517 cium
612 3468 666 3518 in
703 3468 906 3520 eisdem
942 3471 1251 3522 Tholosana
1290 3472 1519 3522 civitate
1555 3491 1617 3522 ac
1653 3472 1891 3537 dyocesi,
1928 3473 2157 3538 aliisque
2206 3468 2436 3522 civitati-

433 3551 533 3601 bus
577 3563 631 3602 et
675 3554 1022 3618 dyocesibus,
1068 3556 1278 3617 castris,
1326 3557 1485 3617 villis,
1532 3557 1660 3607 locis
1705 3567 1761 3606 et
1806 3556 2071 3617 terminis,
2118 3566 2280 3623 prout
2298 3551 2438 3606 tanti

430 3637 639 3700 negocii
679 3639 888 3690 utilitas
931 3639 1186 3691 suadebit
1225 3642 1326 3690 sub
1368 3660 1462 3708 spe
1502 3642 1763 3692 mercedis
1803 3652 1987 3692 eterne
2027 3641 2101 3692 sic
2153 3638 2435 3690 efficaciter

432 3721 686 3787 prosequi
733 3733 787 3771 et
835 3724 1033 3789 exequi
1081 3718 1303 3775 studeas
1354 3725 1642 3790 diligenter
1690 3735 1750 3775 ut
1800 3743 1895 3791 per
1941 3724 2298 3776 solicitudinis
2346 3731 2433 3771 tue

433 3803 784 3866 prudentiam
830 3808 989 3859 radix
1037 3809 1329 3875 pravitatis
1376 3810 1619 3860 eiusdem
1665 3810 1865 3865 exinde
1913 3809 2129 3875 penitus
2175 3808 2434 3858 evellatur
