2540 4354
443 398 543 453 310
832 413 1120 448 nummus
1165 412 1240 444 DE
1282 393 1701 462 ιῖιΝουιει-ΓῙΟΝ
1745 411 2064 454 FRANcAisE

441 532 708 585 deuxieme
743 530 864 596 sois,
905 528 1145 579 Bernard
1182 526 1391 578 Perrier
1426 527 1507 593 sat
1544 530 1726 578 accuse
1748 527 1822 601 de
1858 527 2124 594 pratiqaes
2159 528 2448 594 usaraires;

442 628 560 669 cette
600 615 720 682 foi-3,
766 615 806 664 il
846 617 1028 664 recusa
1066 632 1146 663 ses
1185 612 1355 678 jugeS,
1397 614 1655 682 prevenias
1711 623 1881 662 contre
1922 612 2018 674 lui,
2081 623 2125 662 et
2181 613 2239 678 fit
2293 615 2450 680 appel

442 722 513 752 aa
541 719 699 768 pape.
734 697 884 749 Mais
915 698 986 748 les
1015 697 1167 763 juges
1200 696 1250 747 η’
1257 716 1322 746 en
1350 688 1747 762 poarsaivirent
1776 715 1875 762 pas
1908 697 2078 747 moins
2124 698 2236 748 leur
2277 701 2447 764 proce'-

442 788 585 847 dure,
632 784 856 835 l’accase
899 783 1098 844 absent,
1146 782 1190 831 le
1233 781 1638 832 condamnerent
1684 800 1784 831 ane
1827 782 2096 832 deaxieme
2138 781 2241 847 sois
2260 801 2452 833 comme

444 869 652 921 usar-ier
689 879 734 919 et
771 867 1153 934 confisqaerent
1190 885 1269 916 ses
1313 866 1459 916 biens
1498 884 1569 915 aa
1606 866 1766 932 profit
1803 866 1863 915 de
1902 866 2140 932 l’e'veqae.
2195 867 2266 916 Le
2317 886 2453 933 pape

444 965 606 1020 ayant
637 955 842 1004 nomme
869 952 957 1002 des
987 950 1376 1002 commissaires
1406 969 1541 1016 pour
1570 954 1840 1001 connaitre
1869 951 1928 1000 de
1958 970 2010 1001 ce
2039 951 2203 1017 litiga,
2235 952 2454 1019 l’e'veqae

444 1041 503 1089 cle
536 1039 734 1089 Cahors
767 1048 812 1087 et
842 1055 920 1086 ses
952 1036 1227 1104 partisans
1260 1053 1323 1086 ne
1354 1039 1645 1086 trouverent
1675 1035 1790 1086 rien
1821 1037 1881 1086 de
1916 1036 2091 1087 mieax
2107 1056 2202 1104 que
2233 1037 2293 1087 de
2321 1036 2456 1103 faire

447 1122 733 1174 intervenir
792 1120 1182 1188 l’Inqaisition.
1247 1119 1399 1171 Mais
1465 1120 1684 1171 Gasbert
1740 1121 2031 1186 d’Orgueil,
2053 1121 2343 1173 lieutenant
2398 1122 2457 1172 de

447 1207 826 1275 l'inqaisitear,
876 1217 920 1256 et
971 1205 1303 1272 Barthe'lemy
1351 1206 1513 1268 Fon-5,
1565 1206 1924 1256 commissaire
1986 1207 2046 1256 de
2109 1206 2346 1273 l’e'veqae,
2397 1226 2456 1256 ne

447 1303 563 1343 sont
590 1310 688 1358 pas
717 1291 888 1342 moins
915 1301 1154 1357 suspects
1182 1292 1215 1340 ὰ
1264 1290 1505 1352 l’accase',
1532 1278 1625 1357 qai
1651 1302 1851 1341 recoart
1884 1310 1984 1341 ane
2001 1291 2103 1357 fois
2143 1292 2203 1342 de
2234 1292 2356 1358 plus
2390 1310 2457 1342 aa

448 1376 787 1442 Saint-Siege
814 1387 860 1427 et
887 1395 951 1427 en
978 1375 1174 1427 obtient
1202 1376 1245 1426 le
1273 1379 1480 1441 pre'sent
1523 1375 1753 1427 mandat.
1798 1405 1866 1411 —
1907 1376 2178 1442 Avignon,
2224 1376 2286 1427 12
2327 1379 2458 1427 aofit

451 1463 602 1514 1346.

793 1589 898 1642 Reg.
929 1588 1044 1641 Vah,
1069 1595 1102 1629 t.
1130 1602 1321 1639 eLxxw,
1346 1587 1422 1628 fol.
1448 1587 1548 1639 414,
1574 1602 1617 1628 u.
1643 1587 1775 1634 1313.

525 1707 657 1755 Ven.
711 1703 869 1754 fratri
895 1701 950 1756 ..1
997 1702 1252 1768 episcopo
1305 1701 1538 1764 Albien„
1589 1703 1844 1763 salutem,
1895 1713 1998 1754 etc.
2051 1732 2119 1739 —
2168 1704 2274 1755 Sua
2308 1705 2460 1755 nobis

454 1791 687 1842 dilectus
732 1788 874 1839 filius
914 1787 1229 1838 Bernardus
1274 1787 1512 1852 Peyrerii
1552 1789 1618 1837 de
1661 1787 1881 1838 Caiarco
1906 1787 1943 1850 ²,
1986 1788 2155 1840 laicus
2177 1789 2460 1840 Caturcen.

455 1874 699 1939 diocesis,
733 1872 1001 1940 petitione
1033 1872 1367 1923 monstravit
1399 1873 1546 1938 quod
1579 1890 1703 1922 cum
1737 1871 1864 1922 olim
1896 1891 2018 1923 ven.
2066 1874 2234 1923 frater
2281 1884 2463 1925 noster

454 1960 791 2011 Bertrandus
818 1958 853 2022 3,
911 1957 1198 2024 episcopus
1258 1957 1564 2021 Caturcen.,
1599 1967 1788 2009 contra
1833 1959 2068 2009 eundem
2106 1958 2464 2023 Bernardum,

457 2046 578 2112 plus
613 2062 681 2093 ex
709 2042 819 2093 odii
853 2041 1047 2092 fomite
1083 2060 1250 2108 quam
1286 2041 1400 2091 zelo
1435 2041 1667 2105 iusticie,
1697 2060 1792 2108 per
1810 2042 2016 2093 curiam
2042 2060 2135 2092 seu
2155 2043 2462 2094 commissa-

458 2130 563 2181 rios
597 2146 723 2179 suos
757 2127 974 2178 fecisset
1006 2126 1209 2192 inquiri
1240 2136 1297 2177 et
1330 2126 1550 2192 procedi
1570 2127 1886 2178 mandasset
1904 2145 2065 2193 super
2083 2128 2328 2179 usuraria
2347 2146 2464 2195 pra-

459 2215 653 2278 vitate,
693 2224 750 2264 et
786 2213 1013 2264 tandem
1053 2222 1242 2263 contra
1282 2214 1516 2262 eundem
1553 2213 1895 2264 Bernardum
1933 2212 2127 2264 fuisset
2177 2231 2338 2281 super
2366 2215 2464 2264 hoc

462 2299 757 2350 diffinitiva
803 2297 1077 2349 sententia
1123 2298 1490 2364 promulgata,
1539 2316 1634 2364 pro
1680 2305 1839 2364 parte
1883 2297 2017 2348 dicti
2073 2298 2337 2350 Bernardi
2396 2299 2463 2350 ab

462 2386 654 2435 eadem
685 2382 958 2434 sententia
991 2382 1098 2432 fuit
1129 2383 1198 2432 ad
1233 2382 1428 2433 Sedem
1446 2383 1808 2448 apostolicam
1833 2383 2193 2449 appellatum,
2213 2382 2466 2450 dictaque

464 2468 741 2520 sententia
790 2485 885 2534 per
935 2478 1145 2518 certum
1195 2468 1505 2518 auditorem
1555 2486 1845 2519 causarum
1881 2468 2079 2519 Palatii
2097 2468 2382 2535 apostolici
2413 2468 2465 2519 in

467 2573 629 2604 causa
656 2552 1042 2619 appellationis
1066 2552 1384 2603 'huiusmodi
1423 2572 1452 2604 a
1497 2553 1633 2603 Sede
1673 2553 1789 2619 ipsa
1832 2554 2164 2619 deputatum
2210 2563 2464 2605 revocata

465 2637 588 2699 fuit,
636 2637 926 2702 dictusque
970 2636 1257 2704 episcopus
1303 2637 1480 2687 eidem
1525 2638 1801 2689 Bernardo
1848 2637 1903 2687 in
1947 2637 2198 2703 expensis
2215 2637 2466 2703 legitimis

466 2722 921 2788 condempnatus.
992 2721 1078 2791 >Ac
1155 2722 1512 2787 postmodum
1588 2741 1711 2772 cum
1788 2721 2064 2788 predictus
2164 2722 2467 2772 Bernardus

466 2816 679 2873 peteret
722 2806 826 2857 sibi
872 2806 986 2857 fieri
1029 2807 1099 2857 ab
1142 2807 1335 2856 eodem
1378 2807 1634 2872 episcopo
1678 2806 2115 2857 satisfactionem
2159 2804 2469 2868 huiusmodi

468 2909 852 2957 expensarum,
892 2891 1139 2957 prefatus
1176 2890 1462 2957 episcopus
1499 2909 1712 2941 necnon
1751 2890 1978 2941 Pontius
2017 2891 2083 2941 de
2136 2891 2366 2940 Heremo
2415 2899 2467 2939 et

470 2976 781 3041 Stephanus
821 2976 1071 3037 Lacosta,
1112 2975 1289 3026 clerici
1326 2975 1471 3025 dicte
1508 2975 1962 3040 diocesis‚contra
2002 2975 2212 3025 dictum
2248 2976 2466 3025 Bernar-

470 3061 601 3109 dum
632 3059 877 3110 indebite
909 3059 1018 3109 odii
1046 3078 1271 3111 rancore
1304 3071 1568 3126 concepto
1602 3059 1884 3109 consilium
1919 3070 1973 3109 et
2004 3070 2307 3113 tractatum
2339 3059 2468 3108 fece-

467 3154 599 3193 runt
640 3154 696 3193 et
738 3144 1181 3194 deliberaverunt
1224 3144 1459 3210 qualiter
1515 3144 1910 3210 dampnificare
1966 3155 2190 3210 possent
2243 3144 2470 3194 eundem

470 3229 814 3280 Bernardum
844 3229 1108 3292 indebite,
1141 3250 1203 3281 ac
1237 3231 1416 3280 dictus
1448 3231 1736 3297 episcopus
1769 3240 1895 3296 post
1940 3229 2226 3280 consilium
2270 3239 2324 3278 et
2368 3238 2470 3277 tra·

476 3323 688 3365 etatum
723 3314 1040 3366 huiusmodi
1075 3316 1253 3366 minus
1290 3316 1559 3366 veraciter
1595 3315 1924 3382 pretendens
1962 3314 2107 3379 quod
2145 3314 2321 3364 dictus
2354 3313 2472 3361 Ber-

473 3398 679 3448 nardus
739 3399 1016 3450 usurarius
1073 3401 1351 3451 existebat
1407 3411 1463 3449 et
1522 3410 1839 3451 contractus
1899 3399 2173 3449 usurarios
2245 3397 2474 3447 inhierat

476 3483 1171 3547 questionem⁷¹³'usurarum
1230 3485 1548 3536 huiusmodi
1601 3485 1912 3534 refricando
1972 3483 2134 3533 dictis
2195 3481 2386 3532 Pontio
2420 3487 2473 3527 et

477 3566 758 3633 Stephano
813 3570 1089 3621 ordinaria
1144 3571 1480 3622 auctoritate
1535 3568 1811 3620 commisit
1864 3579 1926 3618 ut
1979 3586 2141 3634 super
2208 3562 2472 3632 premissis

478 3661 667 3703 contra
706 3655 941 3705 eundem
979 3656 1325 3708 Bernardum
1362 3674 1430 3706 ex
1469 3655 1643 3706 officio
1680 3654 2049 3721 inquirerent3
2082 3651 2323 3716 dictique
2345 3651 2472 3699 Pon·

479 3734 586 3785 tius
630 3746 685 3786 et
729 3738 1041 3805 Stephanus
1084 3741 1320 3791 eundem
1363 3741 1705 3791 Bernardum
1762 3757 1924 3805 super
1982 3734 2252 3802 premissis
2299 3750 2472 3783 coram

479 3835 534 3872 se
577 3819 825 3875 fecerunt
869 3833 1127 3893 pretextu
1173 3824 1318 3879 dicte
1363 3823 1761 3879 commissionis
1806 3823 1874 3875 ad
1920 3819 2181 3874 iudicium
2239 3815 2471 3878 evocari3
