2540 4354
914 369 1268 402 Arrssnmcsss
1965 357 2065 408 517

89 492 340 534 nostrum
382 489 747 546 pervenerant
789 479 1071 541 auditum3
1114 491 1171 531 et
1213 483 1283 533 ad
1326 494 1571 535 nostram
1616 501 1775 549 super
1811 486 2067 551 predictis

88 563 503 630 inquisitionem
559 573 725 629 prout
782 562 1119 614 debebamus
1178 564 1472 616 habuimus
1530 568 1818 630 procedere
1875 579 1932 618 et
1975 586 2069 633 per

45 700 50 705 A
92 646 264 697 multa
299 656 548 712 tempora
585 663 709 695 cum
742 645 832 696 illa
870 663 976 710 qua
1013 645 1295 711 potuimus
1329 648 1679 698 accuratione
1713 658 1767 699 et
1785 649 2067 714 diligentia

90 729 228 780 circa
264 727 678 794 inquisitionem
714 728 1085 793 predictorum
1122 729 1479 780 articulorum
1510 731 1799 781 habuimus
1822 732 2069 783 insistere

87 827 215 877 sepe
239 810 563 877 inquirendo
593 828 718 860 cum
745 810 989 875 predicta
1022 809 1037 874 [
1255 814 1270 878 ]
1296 822 1353 861 et
1381 829 1504 862 cum
1534 813 1718 863 multis
1746 814 1863 864 aliis
1883 815 1976 879 qui
2001 817 2067 866 de

88 893 361 960 premissis
406 892 733 945 dicebantur
777 911 833 943 se
878 893 1011 944 scire
1058 894 1367 955 veritatem,
1414 895 1541 946 licet
1587 914 1681 960 per
1725 898 1859 948 duos
1897 916 2068 949 annos

87 987 144 1027 et
172 978 317 1028 ultra
347 994 471 1027 cum
502 977 676 1027 multa
702 987 759 1027 et
790 995 986 1041 magna
1015 987 1183 1042 atque
1212 978 1399 1028 debita
1429 978 1712 1042 diligentia
1742 981 1808 1030 de
1835 990 1891 1030 et
1908 998 2070 1047 super

88 1058 363 1126 premissis
392 1058 854 1125 inquisiverimus,
886 1059 1127 1124 legitime
1158 1071 1344 1111 tamen
1373 1071 1430 1110 et
1461 1062 1791 1113 sufficienter
1823 1063 2066 1128 predicta

85 1158 270 1194 coram
301 1141 458 1193 nobis
492 1142 713 1208 probari
743 1159 853 1194 non
870 1153 1191 1208 potuerunt,
1211 1142 1337 1192 licet
1354 1160 1448 1208 per
1465 1154 1634 1195 testes
1653 1145 1834 1208 aliqua
1854 1147 1919 1197 de
1953 1164 2068 1212 pre-

86 1224 261 1276 missis
307 1224 511 1276 fuerint
556 1225 805 1292 deposita
853 1235 1043 1276 contra
1090 1225 1283 1290 ipsam,
1331 1235 1393 1275 ut
1438 1227 1681 1290 predicta
1713 1246 1806 1292 per
1851 1241 2066 1280 nostros

71 1324 368 1373 *processus
409 1309 621 1374 plenius
663 1317 937 1358 constant.
986 1307 1189 1358 Idcirco
1231 1326 1347 1368 noS,
1391 1310 1561 1359 frater
1594 1310 1909 1361 Franciscus
1945 1330 2060 1376 pre-

85 1390 252 1452 fatuS,
293 1392 361 1441 de
402 1390 644 1452 consilio,
687 1392 976 1441 voluntate
1031 1403 1088 1441 et
1130 1409 1352 1441 assensu
1405 1392 1728 1443 venerabilis
1746 1404 1802 1443 et
1832 1394 2067 1459 religiosi

86 1473 190 1524 viri
224 1474 434 1525 domini
469 1474 844 1524 Bartholomei
879 1475 944 1524 de
987 1474 1248 1534 Vallibus,
1286 1473 1558 1524 licenciati
1593 1474 1647 1526 in
1665 1476 1912 1535 decretis,
1953 1478 2064 1527 offi-

89 1555 238 1607 cialis
280 1556 543 1608 Viennen.
582 1567 638 1607 et
677 1556 1035 1608 commissarii
1072 1556 1125 1607 in
1167 1558 1266 1606 hac
1307 1568 1460 1622 parte
1501 1575 1593 1622 per
1611 1561 1971 1609 reverendum
2010 1560 2064 1610 in

54 1638 298 1691 ,christo
336 1650 551 1706 patrem
586 1651 643 1690 et
679 1639 966 1691 dominum
1006 1641 1062 1690 L.
1089 1640 1126 1699 2,
1165 1640 1326 1704 digna
1370 1641 1466 1690 Dei
1504 1641 1848 1705 providentia
1872 1643 2062 1692 Valen-

84 1721 255 1773 tinen.
293 1733 352 1773 et
395 1722 549 1774 Dien.
589 1722 908 1788 episcopum
947 1732 1002 1773 et
1043 1722 1547 1774 administratorem
1587 1735 1775 1774 sancte
1797 1724 2060 1775 Viennen.

50 1803 304 1857 ⁵ecclesie
342 1805 650 1871 specialiter
690 1806 964 1871 deputati,
1008 1805 1371 1866 comunicato,
1406 1806 1540 1867 viso,
1573 1807 1820 1871 inspecto
1850 1818 1906 1856 et
1942 1807 2061 1858 dili·

80 1899 270 1955 genter
321 1889 640 1941 examinato
712 1906 963 1954 processu
1033 1899 1088 1937 et
1147 1889 1429 1953 prehabito
1517 1907 1778 1955 perpenso
1837 1889 2057 1940 consilio

77 1969 135 2024 in
176 1988 403 2022 romana
449 1970 604 2022 Curia
652 1973 950 2022 multorum
993 1982 1050 2021 et
1096 1990 1416 2035 magnorum
1461 1971 1827 2032 dominorum,
1887 1973 2060 2048 pre-la·

58 2063 279 2115 torum,
330 2053 515 2106 divine
579 2054 775 2120 pagine
839 2054 1241 2118 magistrorum,
1295 2054 1611 2104 auditorum
1676 2054 1814 2105 sacri
1863 2054 2061 2105 Palatii

58 2188 66 2194 ,
108 2147 133 2188 t
175 2136 518 2188 diversorum
562 2137 847 2202 utriusque
893 2136 1019 2186 iuris
1078 2139 1367 2187 doctorum
1424 2148 1479 2186 et
1524 2137 2052 2202 quamplurimorum

70 2218 309 2271 >tiliorum
339 2231 456 2271 tam
485 2219 540 2270 in
570 2239 722 2270 sacra
755 2220 1026 2284 theologia
1061 2238 1226 2284 quam
1255 2219 1310 2268 in
1341 2230 1572 2285 utroque
1604 2220 1715 2269 iure
1735 2220 2053 2284 peritorum,

76 2303 319 2354 sanctius
365 2304 697 2354 extimantes
745 2302 982 2354 fascinus
1028 2302 1364 2367 impunitum
1395 2303 1671 2352 dimittere
1705 2321 1869 2367 quam
1901 2302 2054 2352 inno·

74 2396 290 2438 centem
336 2387 664 2451 dampnare;
714 2386 950 2436 maxime
999 2386 1123 2450 quia
1172 2386 1227 2435 in
1275 2385 1642 2435 criminalibus
1694 2396 1908 2450 oportet
1940 2403 2054 2435 esse

76 2467 429 2534 probationes
474 2469 592 2517 luce
637 2467 903 2527 clariores,
950 2467 1235 2531 presertim
1279 2467 1446 2516 etiam
1492 2485 1615 2515 cum
1644 2467 1823 2516 nullus
1854 2467 2054 2517 debeat

69 2560 299 2616 propter
327 2552 498 2601 solam
517 2550 881 2615 suspicionem
900 2548 1151 2613 quamvis
1170 2550 1551 2600 vehementem
1567 2549 1633 2599 de
1651 2559 1809 2598 tanto
1830 2549 2051 2599 crimine

134 2633 478 2698 ndempnari,
520 2633 620 2682 hiis
659 2633 796 2692 loco,
837 2643 1103 2697 tempore,
1156 2632 1242 2682 die
1281 2641 1336 2681 et
1377 2633 1505 2680 hora
1546 2631 1651 2695 ipsi
1692 2630 1707 2694 [
1924 2634 1939 2698 ]
1978 2633 2047 2684 ad

109 2732 171 2766 oc
186 2716 495 2780 specialiter
549 2715 858 2779 assignatis,
915 2716 1166 2766 sedentes
1188 2711 1284 2780 pro
1306 2714 1568 2764 tribunali
1598 2731 1744 2763 more
1764 2714 2050 2775 maiorum,

131 2798 429 2850 crosanctis
467 2798 814 2862 Euvangeliis
849 2797 1039 2862 positis
1073 2798 1129 2847 in
1161 2807 1348 2847 nostro
1383 2806 1677 2860 conspectu
1711 2807 1774 2845 ut
1805 2798 1873 2847 de
1890 2797 2048 2846 vultu

153 2882 173 2933 i
203 2892 456 2932 nostrum
490 2882 721 2946 prodeat
756 2881 1018 2931 iudicium
1050 2891 1107 2929 et
1141 2880 1283 2929 oculi
1316 2879 1490 2929 nostri
1522 2879 1577 2928 in
1612 2878 1712 2928 hiis
1730 2890 1786 2928 et
1819 2878 1936 2928 aliis
1971 2879 2049 2929 vi-

71 2974 238 3017 'eant
273 2964 600 3029 equitatem,
641 2963 904 3027 premisso
957 2963 1108 3027 signo
1163 2961 1486 3012 venerabilis
1539 2972 1727 3011 sancte
1781 2960 2047 3022 Cru†ci8,

104 3045 312 3098 ¹‘centes
349 3067 360 3096 ι
1806 3091 1822 3108 ,

75 3155 77 3157 ·
145 3130 206 3180 In
238 3129 460 3180 nomine
497 3128 673 3179 Patris
707 3139 763 3178 et
800 3127 918 3178 Filii
949 3138 1005 3177 et
1041 3127 1271 3193 Spiritus
1309 3126 1512 3186 Sancti,
1545 3143 1721 3176 amen.
1743 3125 2048 3176 Sententia·

90 3210 191 3263 ‘ter
229 3208 655 3277 pronunciamus
697 3213 841 3277 quod
883 3211 1028 3262 dicta
1075 3210 1089 3274 [
1447 3211 1462 3276 ]
1502 3227 1556 3258 se
1586 3208 1877 3259 efficaciter
1915 3209 2049 3259 obli·

110 3459 319 3512 tebitur
378 3471 787 3514 sacrosanctam
853 3461 1016 3510 fidem
1079 3456 1423 3515 catholicam,
1489 3474 1653 3520 quam
1698 3467 2044 3508 sacrosancta

81 3552 84 3553 ’
163 3552 247 3592 ter
294 3542 530 3594 Ecclesia
575 3554 632 3594 et
676 3541 1051 3594 sanctissimus
1111 3540 1164 3589 in
1223 3539 1435 3590 Christo
1483 3549 1637 3603 pater
1694 3549 1747 3587 et
1791 3538 2044 3589 dominus

114 3634 260 3675 oster
298 3625 553 3676 dominus
596 3626 881 3689 Gregorius
922 3624 1107 3674 divina
1152 3621 1496 3688 providentia
1541 3639 1679 3686 papa
1740 3621 1820 3670 XI
1874 3621 2051 3686 predi-

137 3715 164 3756 t
198 3717 256 3757 et
294 3708 570 3769 observat,
609 3719 665 3758 et
702 3708 871 3758 etiam
912 3707 1055 3771 quod
1098 3704 1417 3770 generaliter
1458 3721 1672 3753 omnem
1726 3703 1953 3752 heresim
1991 3714 2047 3753 et
