<?xml version="1.0" encoding="UTF-8"?>
<!DOCTYPE html PUBLIC "-//W3C//DTD XHTML 1.0 Transitional//EN"
    "http://www.w3.org/TR/xhtml1/DTD/xhtml1-transitional.dtd">
<html xmlns="http://www.w3.org/1999/xhtml" xml:lang="en" lang="en">
 <head>
  <title>
</title>
<meta http-equiv="Content-Type" content="text/html;charset=utf-8" />
  <meta name='ocr-system' content='tesseract 3.04.00' />
  <meta name='ocr-capabilities' content='ocr_page ocr_carea ocr_par ocr_line ocrx_word'/>
</head>
<body>
  <div class='ocr_page' id='page_1' title='image "./bullairedelinqui00cathuoft/bullairedelinqui00cathuoft_0234.png"; bbox 0 0 2540 4354; ppageno 0'>
   <div class='ocr_carea' id='block_1_1' title="bbox 412 355 2011 415">
    <p class='ocr_par' dir='ltr' id='par_1_1' title="bbox 412 355 2011 415">
     <span class='ocr_line' id='line_1_1' title="bbox 412 355 2011 415; baseline -0.005 -5"><span class='ocrx_word' id='word_1_1' title='bbox 412 357 510 410; x_wconf 85' lang='lat'>140</span> <span class='ocrx_word' id='word_1_2' title='bbox 794 375 1077 407; x_wconf 57' lang='lat' dir='ltr'>nonnum:</span> <span class='ocrx_word' id='word_1_3' title='bbox 1120 375 1194 406; x_wconf 82' lang='lat' dir='ltr'>DE</span> <span class='ocrx_word' id='word_1_4' title='bbox 1237 355 1651 415; x_wconf 81' lang='lat' dir='ltr'><strong>L’INQUISITION</strong></span> <span class='ocrx_word' id='word_1_5' title='bbox 1694 371 2011 414; x_wconf 65' lang='lat' dir='ltr'><strong>FRANQAISE</strong></span> 
     </span>
    </p>
   </div>
   <div class='ocr_carea' id='block_1_2' title="bbox 402 487 2412 1397">
    <p class='ocr_par' dir='ltr' id='par_1_2' title="bbox 402 487 2412 1397">
     <span class='ocr_line' id='line_1_2' title="bbox 407 487 2410 557; baseline -0.001 -15"><span class='ocrx_word' id='word_1_6' title='bbox 407 490 539 542; x_wconf 82' lang='lat' dir='ltr'>dicti</span> <span class='ocrx_word' id='word_1_7' title='bbox 563 489 848 557; x_wconf 91' lang='lat' dir='ltr'>episcopus</span> <span class='ocrx_word' id='word_1_8' title='bbox 873 501 927 539; x_wconf 88' lang='lat' dir='ltr'>et</span> <span class='ocrx_word' id='word_1_9' title='bbox 954 487 1295 540; x_wconf 88' lang='lat' dir='ltr'>Universitas</span> <span class='ocrx_word' id='word_1_10' title='bbox 1334 509 1442 540; x_wconf 85' lang='lat' dir='ltr'>una</span> <span class='ocrx_word' id='word_1_11' title='bbox 1467 508 1591 539; x_wconf 91' lang='lat' dir='ltr'>cum</span> <span class='ocrx_word' id='word_1_12' title='bbox 1629 488 1738 539; x_wconf 91' lang='lat' dir='ltr'>suis</span> <span class='ocrx_word' id='word_1_13' title='bbox 1776 487 1892 538; x_wconf 87' lang='lat' dir='ltr'>aliis</span> <span class='ocrx_word' id='word_1_14' title='bbox 1932 488 2126 538; x_wconf 86' lang='lat' dir='ltr'>clausis</span> <span class='ocrx_word' id='word_1_15' title='bbox 2162 487 2410 539; x_wconf 88' lang='lat' dir='ltr'>similiter</span> 
     </span>
     <span class='ocr_line' id='line_1_3' title="bbox 405 571 2410 639; baseline -0.001 -13"><span class='ocrx_word' id='word_1_16' title='bbox 405 575 602 626; x_wconf 88' lang='lat' dir='ltr'>litteris</span> <span class='ocrx_word' id='word_1_17' title='bbox 629 574 1068 634; x_wconf 65' lang='lat' dir='ltr'>transmiserunt.</span> <span class='ocrx_word' id='word_1_18' title='bbox 1099 584 1280 623; x_wconf 82' lang='lat' dir='ltr'><strong>essent</strong></span> <span class='ocrx_word' id='word_1_19' title='bbox 1307 573 1592 623; x_wconf 86' lang='lat' dir='ltr'>cuiusdam</span> <span class='ocrx_word' id='word_1_20' title='bbox 1619 571 1802 623; x_wconf 86' lang='lat' dir='ltr'>fratris</span> <span class='ocrx_word' id='word_1_21' title='bbox 1823 571 2044 621; x_wconf 88' lang='lat' dir='ltr'>minoris</span> <span class='ocrx_word' id='word_1_22' title='bbox 2061 572 2203 622; x_wconf 82' lang='lat' dir='ltr'>fatui</span> <span class='ocrx_word' id='word_1_23' title='bbox 2221 591 2410 639; x_wconf 84' lang='lat' dir='ltr'>sequa-</span> 
     </span>
     <span class='ocr_line' id='line_1_4' title="bbox 410 656 2410 723; baseline -0.001 -14"><span class='ocrx_word' id='word_1_24' title='bbox 410 659 482 709; x_wconf 90' lang='lat' dir='ltr'>cis</span> <span class='ocrx_word' id='word_1_25' title='bbox 513 670 567 709; x_wconf 91' lang='lat' dir='ltr'>et</span> <span class='ocrx_word' id='word_1_26' title='bbox 597 657 827 709; x_wconf 85' lang='lat' dir='ltr'>fautoris</span> <span class='ocrx_word' id='word_1_27' title='bbox 857 657 998 707; x_wconf 91' lang='lat' dir='ltr'>illius</span> <span class='ocrx_word' id='word_1_28' title='bbox 1030 656 1303 723; x_wconf 85' lang='lat' dir='ltr'>prophani</span> <span class='ocrx_word' id='word_1_29' title='bbox 1335 657 1611 706; x_wconf 83' lang='lat' dir='ltr'>Michaelis</span> <span class='ocrx_word' id='word_1_30' title='bbox 1642 657 1706 706; x_wconf 89' lang='lat' dir='ltr'>de</span> <span class='ocrx_word' id='word_1_31' title='bbox 1729 657 1949 718; x_wconf 86' lang='lat' dir='ltr'>Cesena,</span> <span class='ocrx_word' id='word_1_32' title='bbox 1971 656 2196 706; x_wconf 88' lang='lat' dir='ltr'>heretici</span> <span class='ocrx_word' id='word_1_33' title='bbox 2214 667 2268 706; x_wconf 86' lang='lat' dir='ltr'>et</span> <span class='ocrx_word' id='word_1_34' title='bbox 2287 657 2410 707; x_wconf 90' lang='lat' dir='ltr'>scis-</span> 
     </span>
     <span class='ocr_line' id='line_1_5' title="bbox 408 740 2409 807; baseline -0.001 -13"><span class='ocrx_word' id='word_1_35' title='bbox 408 742 614 805; x_wconf 89' lang='lat' dir='ltr'>matici,</span> <span class='ocrx_word' id='word_1_36' title='bbox 650 742 742 807; x_wconf 87' lang='lat' dir='ltr'>qui</span> <span class='ocrx_word' id='word_1_37' title='bbox 774 759 827 791; x_wconf 93' lang='lat' dir='ltr'>se</span> <span class='ocrx_word' id='word_1_38' title='bbox 873 740 1007 791; x_wconf 88' lang='lat' dir='ltr'>facit</span> <span class='ocrx_word' id='word_1_39' title='bbox 1057 741 1353 792; x_wconf 88' lang='lat' dir='ltr'>Geraldum</span> <span class='ocrx_word' id='word_1_40' title='bbox 1403 740 1671 806; x_wconf 84' lang='lat' dir='ltr'>Rostagni</span> <span class='ocrx_word' id='word_1_41' title='bbox 1717 741 1781 790; x_wconf 94' lang='lat' dir='ltr'>de</span> <span class='ocrx_word' id='word_1_42' title='bbox 1829 741 2010 791; x_wconf 86' lang='lat' dir='ltr'>Janua</span> <span class='ocrx_word' id='word_1_43' title='bbox 2039 740 2061 771; x_wconf 80' lang='lat'><strong>3</strong></span> <span class='ocrx_word' id='word_1_44' title='bbox 2121 740 2409 804; x_wconf 89' lang='lat' dir='ltr'>nominari,</span> 
     </span>
     <span class='ocr_line' id='line_1_6' title="bbox 407 825 2409 893; baseline -0.001 -16"><span class='ocrx_word' id='word_1_45' title='bbox 407 826 612 893; x_wconf 89' lang='lat' dir='ltr'>quique</span> <span class='ocrx_word' id='word_1_46' title='bbox 640 826 786 876; x_wconf 89' lang='lat' dir='ltr'>dicto</span> <span class='ocrx_word' id='word_1_47' title='bbox 816 825 1067 875; x_wconf 90' lang='lat' dir='ltr'>Michaeli</span> <span class='ocrx_word' id='word_1_48' title='bbox 1091 825 1146 875; x_wconf 91' lang='lat' dir='ltr'>in</span> <span class='ocrx_word' id='word_1_49' title='bbox 1171 825 1300 890; x_wconf 87' lang='lat' dir='ltr'>fuga</span> <span class='ocrx_word' id='word_1_50' title='bbox 1329 844 1495 890; x_wconf 87' lang='lat' dir='ltr'>quam</span> <span class='ocrx_word' id='word_1_51' title='bbox 1515 825 1644 874; x_wconf 84' lang='lat' dir='ltr'>fecit</span> <span class='ocrx_word' id='word_1_52' title='bbox 1663 825 1862 875; x_wconf 87' lang='lat' dir='ltr'>deloco</span> <span class='ocrx_word' id='word_1_53' title='bbox 1885 825 2027 875; x_wconf 91' lang='lat' dir='ltr'>curie</span> <span class='ocrx_word' id='word_1_54' title='bbox 2047 836 2231 875; x_wconf 88' lang='lat' dir='ltr'>nostre</span> <span class='ocrx_word' id='word_1_55' title='bbox 2252 826 2409 875; x_wconf 81' lang='lat' dir='ltr'>affuit</span> 
     </span>
     <span class='ocr_line' id='line_1_7' title="bbox 405 909 2409 975; baseline 0 -15"><span class='ocrx_word' id='word_1_56' title='bbox 405 910 640 961; x_wconf 89' lang='lat' dir='ltr'>consiliis</span> <span class='ocrx_word' id='word_1_57' title='bbox 667 921 721 959; x_wconf 94' lang='lat' dir='ltr'>et</span> <span class='ocrx_word' id='word_1_58' title='bbox 748 909 982 969; x_wconf 83' lang='lat' dir='ltr'>auxiliis,</span> <span class='ocrx_word' id='word_1_59' title='bbox 1015 920 1075 959; x_wconf 91' lang='lat' dir='ltr'>ut</span> <span class='ocrx_word' id='word_1_60' title='bbox 1100 909 1213 975; x_wconf 90' lang='lat' dir='ltr'>ipse</span> <span class='ocrx_word' id='word_1_61' title='bbox 1240 910 1291 959; x_wconf 91' lang='lat' dir='ltr'>in</span> <span class='ocrx_word' id='word_1_62' title='bbox 1335 909 1537 959; x_wconf 88' lang='lat' dir='ltr'>eisdem</span> <span class='ocrx_word' id='word_1_63' title='bbox 1578 909 1773 959; x_wconf 88' lang='lat' dir='ltr'>litteris</span> <span class='ocrx_word' id='word_1_64' title='bbox 1816 920 2135 971; x_wconf 85' lang='lat' dir='ltr'>attestatur,</span> <span class='ocrx_word' id='word_1_65' title='bbox 2157 909 2409 960; x_wconf 89' lang='lat' dir='ltr'>volumus</span> 
     </span>
     <span class='ocr_line' id='line_1_8' title="bbox 405 993 2411 1059; baseline -0 -14"><span class='ocrx_word' id='word_1_66' title='bbox 405 1006 461 1045; x_wconf 89' lang='lat' dir='ltr'>et</span> <span class='ocrx_word' id='word_1_67' title='bbox 496 1005 590 1044; x_wconf 91' lang='lat' dir='ltr'>tue</span> <span class='ocrx_word' id='word_1_68' title='bbox 625 993 938 1044; x_wconf 86' lang='lat' dir='ltr'>discretioni</span> <span class='ocrx_word' id='word_1_69' title='bbox 988 994 1315 1044; x_wconf 84' lang='lat' dir='ltr'><strong>mandamus</strong></span> <span class='ocrx_word' id='word_1_70' title='bbox 1367 994 1627 1059; x_wconf 83' lang='lat' dir='ltr'>quatinus</span> <span class='ocrx_word' id='word_1_71' title='bbox 1678 1011 1747 1044; x_wconf 86' lang='lat' dir='ltr'>an</span> <span class='ocrx_word' id='word_1_72' title='bbox 1798 994 1976 1043; x_wconf 91' lang='lat' dir='ltr'>dictus</span> <span class='ocrx_word' id='word_1_73' title='bbox 2030 994 2293 1044; x_wconf 77' lang='lat' dir='ltr'>Ger-aldus</span> <span class='ocrx_word' id='word_1_74' title='bbox 2343 994 2411 1044; x_wconf 88' lang='lat' dir='ltr'>sit</span> 
     </span>
     <span class='ocr_line' id='line_1_9' title="bbox 402 1078 2411 1144; baseline -0 -16"><span class='ocrx_word' id='word_1_75' title='bbox 402 1079 454 1129; x_wconf 86' lang='lat' dir='ltr'>in</span> <span class='ocrx_word' id='word_1_76' title='bbox 522 1078 771 1144; x_wconf 88' lang='lat' dir='ltr'>partibus</span> <span class='ocrx_word' id='word_1_77' title='bbox 843 1078 1068 1128; x_wconf 89' lang='lat' dir='ltr'>Francie</span> <span class='ocrx_word' id='word_1_78' title='bbox 1135 1078 1466 1143; x_wconf 84' lang='lat' dir='ltr'>investigare</span> <span class='ocrx_word' id='word_1_79' title='bbox 1535 1079 1759 1128; x_wconf 80' lang='lat' dir='ltr'><strong>solerter</strong></span> <span class='ocrx_word' id='word_1_80' title='bbox 1828 1089 1882 1128; x_wconf 89' lang='lat' dir='ltr'>et</span> <span class='ocrx_word' id='word_1_81' title='bbox 1954 1079 2186 1128; x_wconf 85' lang='lat' dir='ltr'>fideliter</span> <span class='ocrx_word' id='word_1_82' title='bbox 2240 1088 2295 1127; x_wconf 84' lang='lat' dir='ltr'>et</span> <span class='ocrx_word' id='word_1_83' title='bbox 2354 1089 2411 1128; x_wconf 89' lang='lat' dir='ltr'>ut</span> 
     </span>
     <span class='ocr_line' id='line_1_10' title="bbox 405 1162 2412 1229; baseline -0 -16"><span class='ocrx_word' id='word_1_84' title='bbox 405 1162 656 1229; x_wconf 76' lang='lat' dir='ltr'>capiatur</span> <span class='ocrx_word' id='word_1_85' title='bbox 717 1162 759 1212; x_wconf 91' lang='lat' dir='ltr'>si</span> <span class='ocrx_word' id='word_1_86' title='bbox 812 1162 1034 1228; x_wconf 90' lang='lat' dir='ltr'>reperiri</span> <span class='ocrx_word' id='word_1_87' title='bbox 1087 1163 1271 1213; x_wconf 87' lang='lat' dir='ltr'>valeat</span> <span class='ocrx_word' id='word_1_88' title='bbox 1325 1180 1615 1228; x_wconf 86' lang='lat' dir='ltr'>operosum</span> <span class='ocrx_word' id='word_1_89' title='bbox 1668 1163 1926 1213; x_wconf 89' lang='lat' dir='ltr'>adhibere</span> <span class='ocrx_word' id='word_1_90' title='bbox 1996 1162 2242 1213; x_wconf 88' lang='lat' dir='ltr'>studium</span> <span class='ocrx_word' id='word_1_91' title='bbox 2304 1181 2412 1212; x_wconf 91' lang='lat' dir='ltr'>non</span> 
     </span>
     <span class='ocr_line' id='line_1_11' title="bbox 404 1247 2409 1313; baseline 0 -17"><span class='ocrx_word' id='word_1_92' title='bbox 404 1258 723 1313; x_wconf 80' lang='lat' dir='ltr'>postponas,</span> <span class='ocrx_word' id='word_1_93' title='bbox 774 1247 930 1297; x_wconf 92' lang='lat' dir='ltr'>nobis</span> <span class='ocrx_word' id='word_1_94' title='bbox 980 1247 1241 1313; x_wconf 87' lang='lat' dir='ltr'>quicquid</span> <span class='ocrx_word' id='word_1_95' title='bbox 1274 1247 1399 1297; x_wconf 92' lang='lat' dir='ltr'>inde</span> <span class='ocrx_word' id='word_1_96' title='bbox 1432 1247 1692 1313; x_wconf 88' lang='lat' dir='ltr'>repereris</span> <span class='ocrx_word' id='word_1_97' title='bbox 1742 1258 1796 1297; x_wconf 89' lang='lat' dir='ltr'>et</span> <span class='ocrx_word' id='word_1_98' title='bbox 1829 1247 1996 1313; x_wconf 87' lang='lat' dir='ltr'>egeris</span> <span class='ocrx_word' id='word_1_99' title='bbox 2030 1247 2409 1312; x_wconf 78' lang='lat' dir='ltr'>rescripturus.</span> 
     </span>
     <span class='ocr_line' id='line_1_12' title="bbox 403 1322 2410 1397; baseline 0 -16"><span class='ocrx_word' id='word_1_100' title='bbox 403 1360 473 1367; x_wconf 91' lang='lat'>—</span> <span class='ocrx_word' id='word_1_101' title='bbox 504 1332 711 1382; x_wconf 89' lang='lat' dir='ltr'>Datum</span> <span class='ocrx_word' id='word_1_102' title='bbox 741 1342 804 1381; x_wconf 90' lang='lat' dir='ltr'>ut</span> <span class='ocrx_word' id='word_1_103' title='bbox 833 1351 995 1397; x_wconf 67' lang='lat' dir='ltr'>supra</span> <span class='ocrx_word' id='word_1_104' title='bbox 1023 1330 1326 1396; x_wconf 87' lang='lat' dir='ltr'>[Avinioni,</span> <span class='ocrx_word' id='word_1_105' title='bbox 1360 1352 1423 1382; x_wconf 92' lang='lat'>111</span> <span class='ocrx_word' id='word_1_106' title='bbox 1453 1322 1574 1382; x_wconf 68' lang='lat' dir='ltr'>idus</span> <span class='ocrx_word' id='word_1_107' title='bbox 1602 1330 1735 1393; x_wconf 90' lang='lat' dir='ltr'>iulii,</span> <span class='ocrx_word' id='word_1_108' title='bbox 1768 1351 1911 1383; x_wconf 91' lang='lat' dir='ltr'>anno</span> <span class='ocrx_word' id='word_1_109' title='bbox 1945 1331 2353 1396; x_wconf 83' lang='lat' dir='ltr'>terciodecimo]</span> <span class='ocrx_word' id='word_1_110' title='bbox 2372 1329 2410 1381; x_wconf 79' lang='lat'>⁴¹.</span> 
     </span>
    </p>
   </div>
   <div class='ocr_carea' id='block_1_3' title="bbox 398 1494 2417 1833">
    <p class='ocr_par' dir='ltr' id='par_1_3' title="bbox 398 1494 2417 1833">
     <span class='ocr_line' id='line_1_13' title="bbox 406 1494 2417 1555; baseline 0 -20"><span class='ocrx_word' id='word_1_111' title='bbox 406 1552 409 1555; x_wconf 10' lang='grc' dir='ltr'><em>Δ</em></span> <span class='ocrx_word' id='word_1_112' title='bbox 457 1496 495 1536; x_wconf 99' lang='grc'><strong>1.</strong></span> <span class='ocrx_word' id='word_1_113' title='bbox 532 1496 700 1538; x_wconf 78' lang='lat' dir='ltr'>Gerard</span> <span class='ocrx_word' id='word_1_114' title='bbox 726 1497 780 1536; x_wconf 91' lang='lat' dir='ltr'>de</span> <span class='ocrx_word' id='word_1_115' title='bbox 806 1495 1072 1549; x_wconf 77' lang='lat' dir='ltr'>Campinuto</span> <span class='ocrx_word' id='word_1_116' title='bbox 1101 1494 1175 1550; x_wconf 90' lang='lat' dir='ltr'>(ou</span> <span class='ocrx_word' id='word_1_117' title='bbox 1201 1495 1438 1549; x_wconf 79' lang='lat' dir='ltr'>Capinulo,</span> <span class='ocrx_word' id='word_1_118' title='bbox 1464 1508 1522 1538; x_wconf 92' lang='lat' dir='ltr'>ou</span> <span class='ocrx_word' id='word_1_119' title='bbox 1548 1495 1861 1550; x_wconf 83' lang='lat' dir='ltr'>Campomali),</span> <span class='ocrx_word' id='word_1_120' title='bbox 1887 1497 2076 1537; x_wconf 89' lang='lat' dir='ltr'>docteur</span> <span class='ocrx_word' id='word_1_121' title='bbox 2094 1498 2138 1536; x_wconf 78' lang='lat' dir='ltr'>es</span> <span class='ocrx_word' id='word_1_122' title='bbox 2158 1494 2254 1547; x_wconf 88' lang='lat' dir='ltr'>lois,</span> <span class='ocrx_word' id='word_1_123' title='bbox 2274 1494 2417 1537; x_wconf 88' lang='lat' dir='ltr'>archi-</span> 
     </span>
     <span class='ocr_line' id='line_1_14' title="bbox 398 1565 2411 1621; baseline 0 -14"><span class='ocrx_word' id='word_1_124' title='bbox 398 1566 547 1607; x_wconf 89' lang='lat' dir='ltr'>diacre</span> <span class='ocrx_word' id='word_1_125' title='bbox 575 1567 630 1607; x_wconf 91' lang='lat' dir='ltr'>de</span> <span class='ocrx_word' id='word_1_126' title='bbox 659 1566 822 1618; x_wconf 88' lang='lat' dir='ltr'>Sarlat,</span> <span class='ocrx_word' id='word_1_127' title='bbox 855 1566 1017 1608; x_wconf 88' lang='lat' dir='ltr'>vicaire</span> <span class='ocrx_word' id='word_1_128' title='bbox 1046 1567 1222 1619; x_wconf 79' lang='lat' dir='ltr'>general</span> <span class='ocrx_word' id='word_1_129' title='bbox 1251 1565 1524 1620; x_wconf 88' lang='lat' dir='ltr'>d’Avignon,</span> <span class='ocrx_word' id='word_1_130' title='bbox 1553 1567 1593 1607; x_wconf 88' lang='lat' dir='ltr'>le</span> <span class='ocrx_word' id='word_1_131' title='bbox 1621 1567 1646 1607; x_wconf 92' lang='lat'>5</span> <span class='ocrx_word' id='word_1_132' title='bbox 1675 1565 1822 1619; x_wconf 84' lang='lat' dir='ltr'>juillet</span> <span class='ocrx_word' id='word_1_133' title='bbox 1850 1566 2172 1621; x_wconf 85' lang='lat' dir='ltr'>1318(Coulon,</span> <span class='ocrx_word' id='word_1_134' title='bbox 2201 1566 2411 1608; x_wconf 81' lang='lat' dir='ltr'>Lettres...</span> 
     </span>
     <span class='ocr_line' id='line_1_15' title="bbox 403 1626 2416 1690; baseline 0.001 -14"><span class='ocrx_word' id='word_1_135' title='bbox 403 1637 454 1677; x_wconf 88' lang='lat' dir='ltr'>de</span> <span class='ocrx_word' id='word_1_136' title='bbox 482 1636 598 1677; x_wconf 80' lang='lat' dir='ltr'>Jean</span> <span class='ocrx_word' id='word_1_137' title='bbox 626 1637 793 1689; x_wconf 90' lang='lat' dir='ltr'><em>XXII,</em></span> <span class='ocrx_word' id='word_1_138' title='bbox 814 1652 856 1678; x_wconf 89' lang='lat' dir='ltr'>n.</span> <span class='ocrx_word' id='word_1_139' title='bbox 880 1638 979 1690; x_wconf 84' lang='lat'><strong>644,</strong></span> <span class='ocrx_word' id='word_1_140' title='bbox 1000 1637 1123 1689; x_wconf 88' lang='lat'>645);</span> <span class='ocrx_word' id='word_1_141' title='bbox 1145 1637 1365 1679; x_wconf 89' lang='lat' dir='ltr'>chanoine</span> <span class='ocrx_word' id='word_1_142' title='bbox 1385 1645 1431 1679; x_wconf 87' lang='lat' dir='ltr'>et</span> <span class='ocrx_word' id='word_1_143' title='bbox 1450 1638 1637 1678; x_wconf 87' lang='lat' dir='ltr'>chantre</span> <span class='ocrx_word' id='word_1_144' title='bbox 1657 1639 1712 1679; x_wconf 92' lang='lat' dir='ltr'>de</span> <span class='ocrx_word' id='word_1_145' title='bbox 1733 1636 1872 1689; x_wconf 85' lang='lat' dir='ltr'>Paris,</span> <span class='ocrx_word' id='word_1_146' title='bbox 1893 1638 1932 1678; x_wconf 93' lang='lat' dir='ltr'>le</span> <span class='ocrx_word' id='word_1_147' title='bbox 1951 1637 1999 1677; x_wconf 88' lang='lat'>11</span> <span class='ocrx_word' id='word_1_148' title='bbox 2025 1626 2148 1678; x_wconf 45' lang='lat' dir='ltr'>mars·</span> <span class='ocrx_word' id='word_1_149' title='bbox 2164 1637 2292 1688; x_wconf 85' lang='lat'><strong>1326,</strong></span> <span class='ocrx_word' id='word_1_150' title='bbox 2312 1637 2416 1678; x_wconf 85' lang='lat' dir='ltr'>cha-</span> 
     </span>
     <span class='ocr_line' id='line_1_16' title="bbox 405 1706 2413 1762; baseline -0 -16"><span class='ocrx_word' id='word_1_151' title='bbox 405 1706 536 1747; x_wconf 90' lang='lat' dir='ltr'>noine</span> <span class='ocrx_word' id='word_1_152' title='bbox 557 1709 611 1748; x_wconf 92' lang='lat' dir='ltr'>de</span> <span class='ocrx_word' id='word_1_153' title='bbox 633 1708 800 1749; x_wconf 85' lang='lat' dir='ltr'>Cahors</span> <span class='ocrx_word' id='word_1_154' title='bbox 821 1722 875 1749; x_wconf 90' lang='lat' dir='ltr'>en</span> <span class='ocrx_word' id='word_1_155' title='bbox 895 1708 1021 1749; x_wconf 85' lang='lat'><strong>1322.</strong></span> <span class='ocrx_word' id='word_1_156' title='bbox 1048 1709 1082 1748; x_wconf 97' lang='lat' dir='ltr'>Il</span> <span class='ocrx_word' id='word_1_157' title='bbox 1105 1713 1172 1750; x_wconf 90' lang='lat' dir='ltr'>est</span> <span class='ocrx_word' id='word_1_158' title='bbox 1193 1709 1353 1761; x_wconf 79' lang='lat' dir='ltr'>charge</span> <span class='ocrx_word' id='word_1_159' title='bbox 1374 1723 1457 1762; x_wconf 89' lang='lat' dir='ltr'>par</span> <span class='ocrx_word' id='word_1_160' title='bbox 1475 1709 1515 1749; x_wconf 92' lang='lat' dir='ltr'>le</span> <span class='ocrx_word' id='word_1_161' title='bbox 1535 1722 1668 1762; x_wconf 83' lang='lat' dir='ltr'>pape,</span> <span class='ocrx_word' id='word_1_162' title='bbox 1690 1722 1744 1749; x_wconf 90' lang='lat' dir='ltr'>en</span> <span class='ocrx_word' id='word_1_163' title='bbox 1763 1707 1927 1749; x_wconf 74' lang='lat' dir='ltr'>fevi-ier</span> <span class='ocrx_word' id='word_1_164' title='bbox 1950 1709 2078 1760; x_wconf 88' lang='lat'><strong>1329,</strong></span> <span class='ocrx_word' id='word_1_165' title='bbox 2115 1709 2170 1748; x_wconf 91' lang='lat' dir='ltr'>de</span> <span class='ocrx_word' id='word_1_166' title='bbox 2207 1721 2252 1748; x_wconf 88' lang='lat' dir='ltr'>se</span> <span class='ocrx_word' id='word_1_167' title='bbox 2288 1707 2413 1747; x_wconf 87' lang='lat' dir='ltr'>saisir</span> 
     </span>
     <span class='ocr_line' id='line_1_17' title="bbox 405 1777 2414 1833; baseline 0 -15"><span class='ocrx_word' id='word_1_168' title='bbox 405 1778 460 1818; x_wconf 93' lang='lat' dir='ltr'>de</span> <span class='ocrx_word' id='word_1_169' title='bbox 490 1777 758 1832; x_wconf 78' lang='lat' dir='ltr'>l’heretique</span> <span class='ocrx_word' id='word_1_170' title='bbox 790 1779 927 1820; x_wconf 90' lang='lat' dir='ltr'>Cecco</span> <span class='ocrx_word' id='word_1_171' title='bbox 958 1778 1156 1820; x_wconf 86' lang='lat' dir='ltr'>d’Ascoli</span> <span class='ocrx_word' id='word_1_172' title='bbox 1191 1779 1310 1833; x_wconf 84' lang='lat' dir='ltr'>(Reg.</span> <span class='ocrx_word' id='word_1_173' title='bbox 1348 1779 1461 1831; x_wconf 65' lang='lat' dir='ltr'>Vae„</span> <span class='ocrx_word' id='word_1_174' title='bbox 1494 1787 1526 1820; x_wconf 87' lang='lat' dir='ltr'>t.</span> <span class='ocrx_word' id='word_1_175' title='bbox 1562 1794 1668 1831; x_wconf 85' lang='lat' dir='ltr'>cxv,</span> <span class='ocrx_word' id='word_1_176' title='bbox 1700 1794 1742 1819; x_wconf 89' lang='lat' dir='ltr'>n.</span> <span class='ocrx_word' id='word_1_177' title='bbox 1776 1780 1876 1831; x_wconf 88' lang='lat'><strong>700,</strong></span> <span class='ocrx_word' id='word_1_178' title='bbox 1907 1777 2026 1831; x_wconf 89' lang='lat'><strong>702),</strong></span> <span class='ocrx_word' id='word_1_179' title='bbox 2058 1786 2118 1830; x_wconf 86' lang='lat' dir='ltr'>et,</span> <span class='ocrx_word' id='word_1_180' title='bbox 2150 1793 2203 1819; x_wconf 90' lang='lat' dir='ltr'>en</span> <span class='ocrx_word' id='word_1_181' title='bbox 2234 1777 2340 1830; x_wconf 85' lang='lat' dir='ltr'>mai,</span> <span class='ocrx_word' id='word_1_182' title='bbox 2360 1778 2414 1818; x_wconf 93' lang='lat' dir='ltr'>de</span> 
     </span>
    </p>
   </div>
   <div class='ocr_carea' id='block_1_4' title="bbox 405 1847 2492 1904">
    <p class='ocr_par' dir='ltr' id='par_1_4' title="bbox 405 1847 2492 1904">
     <span class='ocr_line' id='line_1_18' title="bbox 405 1847 2492 1904; baseline 0.001 -16"><span class='ocrx_word' id='word_1_183' title='bbox 405 1848 596 1901; x_wconf 89' lang='lat' dir='ltr'>publier,</span> <span class='ocrx_word' id='word_1_184' title='bbox 627 1850 652 1889; x_wconf 77' lang='lat' dir='ltr'>a</span> <span class='ocrx_word' id='word_1_185' title='bbox 684 1849 824 1902; x_wconf 89' lang='lat' dir='ltr'>Paris,</span> <span class='ocrx_word' id='word_1_186' title='bbox 855 1850 916 1890; x_wconf 87' lang='lat' dir='ltr'>les</span> <span class='ocrx_word' id='word_1_187' title='bbox 947 1857 1179 1892; x_wconf 85' lang='lat' dir='ltr'>sentences</span> <span class='ocrx_word' id='word_1_188' title='bbox 1209 1851 1485 1904; x_wconf 78' lang='lat' dir='ltr'>prononcees</span> <span class='ocrx_word' id='word_1_189' title='bbox 1515 1858 1670 1891; x_wconf 86' lang='lat' dir='ltr'>contre</span> <span class='ocrx_word' id='word_1_190' title='bbox 1700 1850 1817 1890; x_wconf 88' lang='lat' dir='ltr'>Jean</span> <span class='ocrx_word' id='word_1_191' title='bbox 1846 1850 1901 1890; x_wconf 87' lang='lat' dir='ltr'>de</span> <span class='ocrx_word' id='word_1_192' title='bbox 1932 1849 2133 1901; x_wconf 90' lang='lat' dir='ltr'>Jandun,</span> <span class='ocrx_word' id='word_1_193' title='bbox 2165 1847 2341 1889; x_wconf 86' lang='lat' dir='ltr'>Marsile</span> <span class='ocrx_word' id='word_1_194' title='bbox 2360 1849 2414 1889; x_wconf 92' lang='lat' dir='ltr'>de</span> <span class='ocrx_word' id='word_1_195' title='bbox 2480 1875 2492 1891; x_wconf 81' lang='grc'><strong>.</strong></span> 
     </span>
    </p>
   </div>
   <div class='ocr_carea' id='block_1_5' title="bbox 400 1918 2415 2538">
    <p class='ocr_par' dir='ltr' id='par_1_5' title="bbox 400 1918 2415 2326">
     <span class='ocr_line' id='line_1_19' title="bbox 401 1918 2414 1973; baseline 0 -15"><span class='ocrx_word' id='word_1_196' title='bbox 401 1918 599 1971; x_wconf 90' lang='lat' dir='ltr'>Padoue,</span> <span class='ocrx_word' id='word_1_197' title='bbox 628 1919 763 1960; x_wconf 90' lang='lat' dir='ltr'>Louis</span> <span class='ocrx_word' id='word_1_198' title='bbox 791 1921 846 1960; x_wconf 90' lang='lat' dir='ltr'>de</span> <span class='ocrx_word' id='word_1_199' title='bbox 873 1920 1061 1962; x_wconf 79' lang='lat' dir='ltr'>Baviere</span> <span class='ocrx_word' id='word_1_200' title='bbox 1089 1928 1134 1962; x_wconf 87' lang='lat' dir='ltr'>et</span> <span class='ocrx_word' id='word_1_201' title='bbox 1162 1920 1309 1962; x_wconf 88' lang='lat' dir='ltr'>Pierre</span> <span class='ocrx_word' id='word_1_202' title='bbox 1337 1922 1392 1962; x_wconf 92' lang='lat' dir='ltr'>de</span> <span class='ocrx_word' id='word_1_203' title='bbox 1420 1919 1639 1962; x_wconf 78' lang='lat' dir='ltr'>Corbiere.</span> <span class='ocrx_word' id='word_1_204' title='bbox 1668 1920 1772 1973; x_wconf 78' lang='lat' dir='ltr'>Reg.</span> <span class='ocrx_word' id='word_1_205' title='bbox 1808 1920 1921 1972; x_wconf 64' lang='lat' dir='ltr'>Vae„</span> <span class='ocrx_word' id='word_1_206' title='bbox 1943 1927 1974 1960; x_wconf 86' lang='lat' dir='ltr'>t.</span> <span class='ocrx_word' id='word_1_207' title='bbox 1999 1934 2106 1972; x_wconf 88' lang='lat' dir='ltr'>cxv,</span> <span class='ocrx_word' id='word_1_208' title='bbox 2140 1934 2182 1961; x_wconf 89' lang='lat' dir='ltr'>n.</span> <span class='ocrx_word' id='word_1_209' title='bbox 2218 1920 2316 1961; x_wconf 85' lang='lat'><strong>744.</strong></span> <span class='ocrx_word' id='word_1_210' title='bbox 2354 1918 2414 1959; x_wconf 89' lang='lat' dir='ltr'>Le</span> 
     </span>
     <span class='ocr_line' id='line_1_20' title="bbox 404 1984 2413 2045; baseline 0.001 -18"><span class='ocrx_word' id='word_1_211' title='bbox 404 1984 456 2028; x_wconf 88' lang='grc'><strong>13</strong></span> <span class='ocrx_word' id='word_1_212' title='bbox 477 1988 639 2042; x_wconf 88' lang='lat' dir='ltr'>juillet,</span> <span class='ocrx_word' id='word_1_213' title='bbox 661 1990 831 2032; x_wconf 76' lang='lat' dir='ltr'>Ger-ard</span> <span class='ocrx_word' id='word_1_214' title='bbox 851 1991 992 2042; x_wconf 70' lang='lat' dir='ltr'>recoit</span> <span class='ocrx_word' id='word_1_215' title='bbox 1010 1991 1049 2032; x_wconf 90' lang='lat' dir='ltr'>le</span> <span class='ocrx_word' id='word_1_216' title='bbox 1069 1993 1251 2045; x_wconf 77' lang='lat' dir='ltr'>present</span> <span class='ocrx_word' id='word_1_217' title='bbox 1269 1993 1461 2033; x_wconf 86' lang='lat' dir='ltr'>mandat</span> <span class='ocrx_word' id='word_1_218' title='bbox 1480 1992 1542 2033; x_wconf 91' lang='lat' dir='ltr'>du</span> <span class='ocrx_word' id='word_1_219' title='bbox 1562 2005 1693 2045; x_wconf 90' lang='lat' dir='ltr'>pape.</span> <span class='ocrx_word' id='word_1_220' title='bbox 1716 1991 1777 2032; x_wconf 90' lang='lat' dir='ltr'>Le</span> <span class='ocrx_word' id='word_1_221' title='bbox 1798 1991 1847 2030; x_wconf 88' lang='lat'>11</span> <span class='ocrx_word' id='word_1_222' title='bbox 1872 1991 2120 2042; x_wconf 78' lang='lat' dir='ltr'>decembre,</span> <span class='ocrx_word' id='word_1_223' title='bbox 2140 1990 2168 2030; x_wconf 93' lang='lat' dir='ltr'><strong>J</strong></span> <span class='ocrx_word' id='word_1_224' title='bbox 2172 2005 2254 2031; x_wconf 89' lang='lat' dir='ltr'>ean</span> <span class='ocrx_word' id='word_1_225' title='bbox 2272 1989 2413 2029; x_wconf 93' lang='lat' dir='ltr'><strong>XXII</strong></span> 
     </span>
     <span class='ocr_line' id='line_1_21' title="bbox 403 2058 2415 2116; baseline 0 -18"><span class='ocrx_word' id='word_1_226' title='bbox 403 2058 466 2099; x_wconf 89' lang='lat' dir='ltr'>lui</span> <span class='ocrx_word' id='word_1_227' title='bbox 493 2060 651 2101; x_wconf 88' lang='lat' dir='ltr'>envoie</span> <span class='ocrx_word' id='word_1_228' title='bbox 676 2076 757 2103; x_wconf 91' lang='lat' dir='ltr'>son</span> <span class='ocrx_word' id='word_1_229' title='bbox 783 2075 946 2116; x_wconf 86' lang='lat' dir='ltr'>propre</span> <span class='ocrx_word' id='word_1_230' title='bbox 971 2061 1184 2103; x_wconf 77' lang='lat' dir='ltr'>memoire</span> <span class='ocrx_word' id='word_1_231' title='bbox 1209 2077 1286 2104; x_wconf 88' lang='lat' dir='ltr'>sur</span> <span class='ocrx_word' id='word_1_232' title='bbox 1310 2062 1371 2103; x_wconf 89' lang='lat' dir='ltr'>les</span> <span class='ocrx_word' id='word_1_233' title='bbox 1399 2076 1568 2103; x_wconf 85' lang='lat' dir='ltr'>erreurs</span> <span class='ocrx_word' id='word_1_234' title='bbox 1595 2063 1650 2102; x_wconf 89' lang='lat' dir='ltr'>de</span> <span class='ocrx_word' id='word_1_235' title='bbox 1676 2061 1838 2102; x_wconf 87' lang='lat' dir='ltr'>Michel</span> <span class='ocrx_word' id='word_1_236' title='bbox 1863 2062 1918 2102; x_wconf 92' lang='lat' dir='ltr'>de</span> <span class='ocrx_word' id='word_1_237' title='bbox 1945 2061 2123 2111; x_wconf 77' lang='lat' dir='ltr'>Cesene,</span> <span class='ocrx_word' id='word_1_238' title='bbox 2151 2075 2204 2101; x_wconf 91' lang='lat' dir='ltr'>en</span> <span class='ocrx_word' id='word_1_239' title='bbox 2224 2061 2263 2101; x_wconf 92' lang='lat' dir='ltr'>le</span> <span class='ocrx_word' id='word_1_240' title='bbox 2289 2060 2415 2101; x_wconf 84' lang='lat' dir='ltr'>char-</span> 
     </span>
     <span class='ocr_line' id='line_1_22' title="bbox 403 2130 2411 2186; baseline -0 -15"><span class='ocrx_word' id='word_1_241' title='bbox 403 2137 539 2181; x_wconf 83' lang='lat' dir='ltr'>geant</span> <span class='ocrx_word' id='word_1_242' title='bbox 559 2132 614 2172; x_wconf 91' lang='lat' dir='ltr'>de</span> <span class='ocrx_word' id='word_1_243' title='bbox 634 2131 674 2172; x_wconf 93' lang='lat' dir='ltr'>le</span> <span class='ocrx_word' id='word_1_244' title='bbox 695 2132 1038 2186; x_wconf 88' lang='lat' dir='ltr'>communiquer</span> <span class='ocrx_word' id='word_1_245' title='bbox 1058 2134 1083 2174; x_wconf 74' lang='lat' dir='ltr'>a</span> <span class='ocrx_word' id='word_1_246' title='bbox 1102 2133 1307 2186; x_wconf 71' lang='lat' dir='ltr'>l&#39;eveque</span> <span class='ocrx_word' id='word_1_247' title='bbox 1330 2140 1375 2174; x_wconf 94' lang='lat' dir='ltr'>et</span> <span class='ocrx_word' id='word_1_248' title='bbox 1395 2134 1420 2172; x_wconf 72' lang='lat' dir='ltr'>a</span> <span class='ocrx_word' id='word_1_249' title='bbox 1442 2131 1745 2175; x_wconf 77' lang='lat' dir='ltr'>l’Universite.</span> <span class='ocrx_word' id='word_1_250' title='bbox 1769 2132 1872 2184; x_wconf 86' lang='lat' dir='ltr'>Reg.</span> <span class='ocrx_word' id='word_1_251' title='bbox 1899 2131 2013 2183; x_wconf 65' lang='lat' dir='ltr'>Vat„</span> <span class='ocrx_word' id='word_1_252' title='bbox 2037 2139 2068 2171; x_wconf 82' lang='lat' dir='ltr'>t.</span> <span class='ocrx_word' id='word_1_253' title='bbox 2095 2145 2201 2182; x_wconf 84' lang='lat' dir='ltr'><strong>CXV,</strong></span> <span class='ocrx_word' id='word_1_254' title='bbox 2222 2145 2263 2171; x_wconf 91' lang='lat' dir='ltr'>n.</span> <span class='ocrx_word' id='word_1_255' title='bbox 2285 2130 2411 2174; x_wconf 82' lang='lat'><strong>1621.</strong></span> 
     </span>
     <span class='ocr_line' id='line_1_23' title="bbox 404 2199 2412 2256; baseline 0 -17"><span class='ocrx_word' id='word_1_256' title='bbox 404 2199 511 2241; x_wconf 87' lang='lat' dir='ltr'>Voir</span> <span class='ocrx_word' id='word_1_257' title='bbox 539 2215 626 2243; x_wconf 90' lang='lat' dir='ltr'>une</span> <span class='ocrx_word' id='word_1_258' title='bbox 654 2210 784 2244; x_wconf 85' lang='lat' dir='ltr'>autre</span> <span class='ocrx_word' id='word_1_259' title='bbox 812 2203 944 2244; x_wconf 87' lang='lat' dir='ltr'>lettre</span> <span class='ocrx_word' id='word_1_260' title='bbox 973 2205 1175 2245; x_wconf 74' lang='lat' dir='ltr'>adi-essee</span> <span class='ocrx_word' id='word_1_261' title='bbox 1204 2218 1262 2244; x_wconf 86' lang='lat' dir='ltr'>au</span> <span class='ocrx_word' id='word_1_262' title='bbox 1292 2205 1436 2244; x_wconf 67' lang='lat' dir='ltr'>meme</span> <span class='ocrx_word' id='word_1_263' title='bbox 1466 2216 1758 2256; x_wconf 83' lang='lat' dir='ltr'>personnage,</span> <span class='ocrx_word' id='word_1_264' title='bbox 1787 2217 1831 2244; x_wconf 92' lang='lat' dir='ltr'>n.</span> <span class='ocrx_word' id='word_1_265' title='bbox 1862 2202 1959 2243; x_wconf 90' lang='grc'><strong>101.</strong></span> <span class='ocrx_word' id='word_1_266' title='bbox 1993 2200 2180 2253; x_wconf 83' lang='lat' dir='ltr'>Denisse,</span> <span class='ocrx_word' id='word_1_267' title='bbox 2201 2200 2412 2252; x_wconf 64' lang='lat' dir='ltr'>Charlul„</span> 
     </span>
     <span class='ocr_line' id='line_1_24' title="bbox 400 2273 1202 2326; baseline 0.006 -16"><span class='ocrx_word' id='word_1_268' title='bbox 400 2276 431 2311; x_wconf 84' lang='lat' dir='ltr'>t.</span> <span class='ocrx_word' id='word_1_269' title='bbox 467 2285 518 2322; x_wconf 93' lang='lat'>11,</span> <span class='ocrx_word' id='word_1_270' title='bbox 550 2285 593 2325; x_wconf 90' lang='lat' dir='ltr'>p.</span> <span class='ocrx_word' id='word_1_271' title='bbox 628 2273 727 2325; x_wconf 88' lang='lat'><strong>298,</strong></span> <span class='ocrx_word' id='word_1_272' title='bbox 761 2281 866 2315; x_wconf 87' lang='lat' dir='ltr'>note</span> <span class='ocrx_word' id='word_1_273' title='bbox 898 2274 939 2326; x_wconf 90' lang='lat'>1,</span> <span class='ocrx_word' id='word_1_274' title='bbox 971 2275 1072 2326; x_wconf 88' lang='lat'><strong>320,</strong></span> <span class='ocrx_word' id='word_1_275' title='bbox 1104 2275 1202 2315; x_wconf 89' lang='grc'><strong>332.</strong></span> 
     </span>
    </p>

    <p class='ocr_par' dir='ltr' id='par_1_6' title="bbox 457 2341 1764 2397">
     <span class='ocr_line' id='line_1_25' title="bbox 457 2341 1764 2397; baseline 0.002 -15"><span class='ocrx_word' id='word_1_276' title='bbox 457 2341 496 2382; x_wconf 90' lang='grc'>2.</span> <span class='ocrx_word' id='word_1_277' title='bbox 532 2341 718 2395; x_wconf 88' lang='lat' dir='ltr'>Hugues</span> <span class='ocrx_word' id='word_1_278' title='bbox 746 2343 907 2386; x_wconf 89' lang='lat' dir='ltr'>Michel</span> <span class='ocrx_word' id='word_1_279' title='bbox 934 2346 989 2386; x_wconf 91' lang='lat' dir='ltr'>de</span> <span class='ocrx_word' id='word_1_280' title='bbox 1014 2345 1267 2396; x_wconf 79' lang='lat' dir='ltr'>Besancon3</span> <span class='ocrx_word' id='word_1_281' title='bbox 1298 2345 1396 2386; x_wconf 89' lang='lat' dir='ltr'>voir</span> <span class='ocrx_word' id='word_1_282' title='bbox 1421 2359 1464 2386; x_wconf 91' lang='lat' dir='ltr'>n.</span> <span class='ocrx_word' id='word_1_283' title='bbox 1494 2346 1564 2397; x_wconf 87' lang='lat'>92,</span> <span class='ocrx_word' id='word_1_284' title='bbox 1592 2352 1698 2386; x_wconf 88' lang='lat' dir='ltr'>note</span> <span class='ocrx_word' id='word_1_285' title='bbox 1725 2345 1764 2385; x_wconf 87' lang='lat'>1.</span> 
     </span>
    </p>

    <p class='ocr_par' dir='ltr' id='par_1_7' title="bbox 461 2412 1473 2467">
     <span class='ocr_line' id='line_1_26' title="bbox 461 2412 1473 2467; baseline 0.004 -16"><span class='ocrx_word' id='word_1_286' title='bbox 461 2413 501 2452; x_wconf 89' lang='grc'>3.</span> <span class='ocrx_word' id='word_1_287' title='bbox 537 2412 601 2454; x_wconf 86' lang='lat' dir='ltr'>Cf.</span> <span class='ocrx_word' id='word_1_288' title='bbox 633 2413 875 2466; x_wconf 70' lang='lat' dir='ltr'>Raynalffl,</span> <span class='ocrx_word' id='word_1_289' title='bbox 904 2416 961 2456; x_wconf 88' lang='lat' dir='ltr'>ad</span> <span class='ocrx_word' id='word_1_290' title='bbox 990 2430 1093 2456; x_wconf 89' lang='lat' dir='ltr'>ann.</span> <span class='ocrx_word' id='word_1_291' title='bbox 1124 2416 1252 2467; x_wconf 88' lang='grc'><strong>1329,</strong></span> <span class='ocrx_word' id='word_1_292' title='bbox 1281 2430 1323 2457; x_wconf 91' lang='lat' dir='ltr'>n.</span> <span class='ocrx_word' id='word_1_293' title='bbox 1353 2430 1473 2456; x_wconf 80' lang='lat' dir='ltr'>xxn.</span> 
     </span>
    </p>

    <p class='ocr_par' dir='ltr' id='par_1_8' title="bbox 462 2481 2411 2538">
     <span class='ocr_line' id='line_1_27' title="bbox 462 2481 2411 2538; baseline 0.001 -16"><span class='ocrx_word' id='word_1_294' title='bbox 462 2482 501 2522; x_wconf 84' lang='lat'>4.</span> <span class='ocrx_word' id='word_1_295' title='bbox 537 2481 598 2523; x_wconf 90' lang='lat' dir='ltr'>Le</span> <span class='ocrx_word' id='word_1_296' title='bbox 626 2485 771 2524; x_wconf 79' lang='lat' dir='ltr'>meme</span> <span class='ocrx_word' id='word_1_297' title='bbox 799 2483 917 2537; x_wconf 87' lang='lat' dir='ltr'>jour,</span> <span class='ocrx_word' id='word_1_298' title='bbox 947 2485 1063 2526; x_wconf 89' lang='lat' dir='ltr'>Jean</span> <span class='ocrx_word' id='word_1_299' title='bbox 1093 2485 1236 2526; x_wconf 95' lang='lat' dir='ltr'><strong>XXII</strong></span> <span class='ocrx_word' id='word_1_300' title='bbox 1267 2485 1377 2527; x_wconf 80' lang='lat' dir='ltr'>ecrit</span> <span class='ocrx_word' id='word_1_301' title='bbox 1406 2501 1482 2527; x_wconf 88' lang='lat' dir='ltr'>sur</span> <span class='ocrx_word' id='word_1_302' title='bbox 1510 2486 1550 2527; x_wconf 92' lang='lat' dir='ltr'>le</span> <span class='ocrx_word' id='word_1_303' title='bbox 1579 2486 1725 2526; x_wconf 77' lang='lat' dir='ltr'>meme</span> <span class='ocrx_word' id='word_1_304' title='bbox 1753 2485 1874 2538; x_wconf 88' lang='lat' dir='ltr'>sujet</span> <span class='ocrx_word' id='word_1_305' title='bbox 1903 2486 1927 2526; x_wconf 77' lang='lat' dir='ltr'>a</span> <span class='ocrx_word' id='word_1_306' title='bbox 1961 2485 2146 2537; x_wconf 88' lang='lat' dir='ltr'>Hugues</span> <span class='ocrx_word' id='word_1_307' title='bbox 2177 2484 2336 2525; x_wconf 91' lang='lat' dir='ltr'>Michel</span> <span class='ocrx_word' id='word_1_308' title='bbox 2357 2483 2411 2523; x_wconf 85' lang='lat' dir='ltr'>de</span> 
     </span>
    </p>
   </div>
   <div class='ocr_carea' id='block_1_6' title="bbox 401 2553 2415 2678">
    <p class='ocr_par' dir='ltr' id='par_1_9' title="bbox 401 2553 2415 2678">
     <span class='ocr_line' id='line_1_28' title="bbox 402 2553 2415 2610; baseline 0 -17"><span class='ocrx_word' id='word_1_309' title='bbox 402 2553 635 2604; x_wconf 76' lang='lat' dir='ltr'>Besancon</span> <span class='ocrx_word' id='word_1_310' title='bbox 664 2553 722 2607; x_wconf 88' lang='lat' dir='ltr'>(n.</span> <span class='ocrx_word' id='word_1_311' title='bbox 751 2555 821 2607; x_wconf 88' lang='lat'>92,</span> <span class='ocrx_word' id='word_1_312' title='bbox 847 2562 954 2596; x_wconf 89' lang='lat' dir='ltr'>note</span> <span class='ocrx_word' id='word_1_313' title='bbox 980 2554 1040 2608; x_wconf 84' lang='lat'>1),</span> <span class='ocrx_word' id='word_1_314' title='bbox 1067 2557 1239 2610; x_wconf 75' lang='lat' dir='ltr'>eveque</span> <span class='ocrx_word' id='word_1_315' title='bbox 1265 2557 1320 2597; x_wconf 91' lang='lat' dir='ltr'>de</span> <span class='ocrx_word' id='word_1_316' title='bbox 1347 2555 1487 2608; x_wconf 88' lang='lat' dir='ltr'>Paris,</span> <span class='ocrx_word' id='word_1_317' title='bbox 1514 2563 1560 2598; x_wconf 92' lang='lat' dir='ltr'>et</span> <span class='ocrx_word' id='word_1_318' title='bbox 1584 2557 1610 2596; x_wconf 77' lang='lat' dir='ltr'>a</span> <span class='ocrx_word' id='word_1_319' title='bbox 1636 2555 1940 2597; x_wconf 77' lang='lat' dir='ltr'>l&#39;Universite.</span> <span class='ocrx_word' id='word_1_320' title='bbox 1967 2555 2072 2608; x_wconf 84' lang='lat' dir='ltr'>Reg.</span> <span class='ocrx_word' id='word_1_321' title='bbox 2105 2554 2219 2606; x_wconf 66' lang='lat' dir='ltr'>Vae„</span> <span class='ocrx_word' id='word_1_322' title='bbox 2247 2561 2278 2595; x_wconf 81' lang='lat' dir='ltr'>t.</span> <span class='ocrx_word' id='word_1_323' title='bbox 2304 2565 2415 2604; x_wconf 76' lang='lat' dir='ltr'><strong>CXV,</strong></span> 
     </span>
     <span class='ocr_line' id='line_1_29' title="bbox 401 2623 1345 2678; baseline 0.005 -15"><span class='ocrx_word' id='word_1_324' title='bbox 401 2638 443 2664; x_wconf 90' lang='lat' dir='ltr'>n.</span> <span class='ocrx_word' id='word_1_325' title='bbox 476 2623 579 2672; x_wconf 89' lang='grc'><strong>731;</strong></span> <span class='ocrx_word' id='word_1_326' title='bbox 613 2623 800 2677; x_wconf 90' lang='lat' dir='ltr'>Denisse,</span> <span class='ocrx_word' id='word_1_327' title='bbox 831 2624 994 2678; x_wconf 66' lang='lat' dir='ltr'>Chare„</span> <span class='ocrx_word' id='word_1_328' title='bbox 1026 2633 1058 2667; x_wconf 84' lang='lat' dir='ltr'>t.</span> <span class='ocrx_word' id='word_1_329' title='bbox 1091 2640 1142 2678; x_wconf 89' lang='lat'>11,</span> <span class='ocrx_word' id='word_1_330' title='bbox 1173 2641 1215 2668; x_wconf 92' lang='lat' dir='ltr'>n.</span> <span class='ocrx_word' id='word_1_331' title='bbox 1248 2627 1345 2668; x_wconf 90' lang='lat'>895.</span> 
     </span>
    </p>
   </div>
   <div class='ocr_carea' id='block_1_7' title="bbox 1249 3034 1564 3094">
    <p class='ocr_par' dir='ltr' id='par_1_10' title="bbox 1249 3034 1564 3094">
     <span class='ocr_line' id='line_1_30' title="bbox 1249 3034 1564 3094; baseline 0 -17"><span class='ocrx_word' id='word_1_332' title='bbox 1249 3034 1564 3094; x_wconf 76' lang='grc'>-86-</span> 
     </span>
    </p>
   </div>
   <div class='ocr_carea' id='block_1_8' title="bbox 401 3203 2409 3691">
    <p class='ocr_par' dir='ltr' id='par_1_11' title="bbox 401 3203 2409 3691">
     <span class='ocr_line' id='line_1_31' title="bbox 473 3203 2409 3272; baseline -0.001 -19"><span class='ocrx_word' id='word_1_333' title='bbox 473 3205 543 3253; x_wconf 87' lang='lat' dir='ltr'>Le</span> <span class='ocrx_word' id='word_1_334' title='bbox 573 3223 711 3270; x_wconf 82' lang='lat' dir='ltr'>pape</span> <span class='ocrx_word' id='word_1_335' title='bbox 742 3205 912 3254; x_wconf 86' lang='lat' dir='ltr'>donne</span> <span class='ocrx_word' id='word_1_336' title='bbox 943 3206 1089 3255; x_wconf 81' lang='lat' dir='ltr'>ordre</span> <span class='ocrx_word' id='word_1_337' title='bbox 1120 3225 1191 3255; x_wconf 81' lang='lat' dir='ltr'>aa</span> <span class='ocrx_word' id='word_1_338' title='bbox 1222 3206 1671 3272; x_wconf 69' lang='lat' dir='ltr'>cardinal-eveqae</span> <span class='ocrx_word' id='word_1_339' title='bbox 1702 3207 1761 3255; x_wconf 84' lang='lat' dir='ltr'>de</span> <span class='ocrx_word' id='word_1_340' title='bbox 1793 3205 1993 3256; x_wconf 81' lang='lat' dir='ltr'>Sabine</span> <span class='ocrx_word' id='word_1_341' title='bbox 2024 3206 2083 3256; x_wconf 87' lang='lat' dir='ltr'>de</span> <span class='ocrx_word' id='word_1_342' title='bbox 2114 3206 2338 3256; x_wconf 83' lang='lat' dir='ltr'>de&#39;clarer</span> <span class='ocrx_word' id='word_1_343' title='bbox 2367 3203 2409 3253; x_wconf 86' lang='lat' dir='ltr'>le</span> 
     </span>
     <span class='ocr_line' id='line_1_32' title="bbox 401 3288 2407 3355; baseline 0.001 -19"><span class='ocrx_word' id='word_1_344' title='bbox 401 3288 732 3339; x_wconf 75' lang='lat' dir='ltr'>dorninicain</span> <span class='ocrx_word' id='word_1_345' title='bbox 784 3289 1086 3340; x_wconf 82' lang='lat' dir='ltr'>Gaillaame</span> <span class='ocrx_word' id='word_1_346' title='bbox 1130 3290 1311 3355; x_wconf 80' lang='lat' dir='ltr'>Peyre,</span> <span class='ocrx_word' id='word_1_347' title='bbox 1358 3291 1418 3340; x_wconf 86' lang='lat' dir='ltr'>de</span> <span class='ocrx_word' id='word_1_348' title='bbox 1463 3291 1841 3352; x_wconf 80' lang='lat' dir='ltr'>Carcassonne,</span> <span class='ocrx_word' id='word_1_349' title='bbox 1889 3301 2007 3355; x_wconf 84' lang='lat' dir='ltr'>apte</span> <span class='ocrx_word' id='word_1_350' title='bbox 2050 3293 2083 3339; x_wconf 82' lang='grc' dir='ltr'><em>ἀ</em></span> <span class='ocrx_word' id='word_1_351' title='bbox 2126 3308 2323 3339; x_wconf 74' lang='lat' dir='ltr'>eoeercer</span> <span class='ocrx_word' id='word_1_352' title='bbox 2366 3289 2407 3338; x_wconf 85' lang='lat' dir='ltr'>le</span> 
     </span>
     <span class='ocr_line' id='line_1_33' title="bbox 405 3372 2408 3440; baseline 0.001 -20"><span class='ocrx_word' id='word_1_353' title='bbox 405 3372 670 3422; x_wconf 71' lang='lat' dir='ltr'>miniscere</span> <span class='ocrx_word' id='word_1_354' title='bbox 692 3377 835 3423; x_wconf 76' lang='lat' dir='ltr'>sacre&#39;</span> <span class='ocrx_word' id='word_1_355' title='bbox 858 3385 902 3423; x_wconf 87' lang='lat' dir='ltr'>et</span> <span class='ocrx_word' id='word_1_356' title='bbox 925 3377 957 3423; x_wconf 81' lang='grc' dir='ltr'><em>ἀ</em></span> <span class='ocrx_word' id='word_1_357' title='bbox 979 3374 1268 3439; x_wconf 81' lang='lat' dir='ltr'>participer</span> <span class='ocrx_word' id='word_1_358' title='bbox 1291 3393 1398 3423; x_wconf 73' lang='lat' dir='ltr'>aaa·</span> <span class='ocrx_word' id='word_1_359' title='bbox 1421 3375 1680 3440; x_wconf 81' lang='lat' dir='ltr'>chapitres</span> <span class='ocrx_word' id='word_1_360' title='bbox 1704 3375 1764 3424; x_wconf 86' lang='lat' dir='ltr'>de</span> <span class='ocrx_word' id='word_1_361' title='bbox 1787 3394 1883 3424; x_wconf 81' lang='lat' dir='ltr'>son</span> <span class='ocrx_word' id='word_1_362' title='bbox 1906 3375 2068 3435; x_wconf 86' lang='lat' dir='ltr'>ordre,</span> <span class='ocrx_word' id='word_1_363' title='bbox 2097 3375 2408 3424; x_wconf 81' lang='lat' dir='ltr'>nonobstant</span> 
     </span>
     <span class='ocr_line' id='line_1_34' title="bbox 402 3456 2407 3524; baseline 0 -19"><span class='ocrx_word' id='word_1_364' title='bbox 402 3457 453 3505; x_wconf 86' lang='lat' dir='ltr'>la</span> <span class='ocrx_word' id='word_1_365' title='bbox 485 3468 718 3507; x_wconf 74' lang='lat' dir='ltr'>sentence</span> <span class='ocrx_word' id='word_1_366' title='bbox 749 3457 839 3523; x_wconf 80' lang='lat' dir='ltr'>qai</span> <span class='ocrx_word' id='word_1_367' title='bbox 871 3476 904 3506; x_wconf 94' lang='lat' dir='ltr'>a</span> <span class='ocrx_word' id='word_1_368' title='bbox 933 3458 1124 3524; x_wconf 77' lang='lat' dir='ltr'>srappe&#39;</span> <span class='ocrx_word' id='word_1_369' title='bbox 1154 3462 1459 3508; x_wconf 74' lang='lat' dir='ltr'>recomment</span> <span class='ocrx_word' id='word_1_370' title='bbox 1490 3460 1542 3508; x_wconf 85' lang='lat' dir='ltr'>la</span> <span class='ocrx_word' id='word_1_371' title='bbox 1575 3458 1817 3508; x_wconf 77' lang='lat' dir='ltr'>memoire</span> <span class='ocrx_word' id='word_1_372' title='bbox 1847 3459 1907 3508; x_wconf 86' lang='lat' dir='ltr'>de</span> <span class='ocrx_word' id='word_1_373' title='bbox 1937 3477 2033 3508; x_wconf 82' lang='lat' dir='ltr'>son</span> <span class='ocrx_word' id='word_1_374' title='bbox 2064 3463 2199 3523; x_wconf 76' lang='lat' dir='ltr'>pere,</span> <span class='ocrx_word' id='word_1_375' title='bbox 2233 3456 2407 3507; x_wconf 70' lang='lat' dir='ltr'>decede</span> 
     </span>
     <span class='ocr_line' id='line_1_35' title="bbox 401 3540 2406 3608; baseline 0 -20"><span class='ocrx_word' id='word_1_376' title='bbox 401 3540 589 3605; x_wconf 76' lang='lat' dir='ltr'>depuis</span> <span class='ocrx_word' id='word_1_377' title='bbox 626 3553 878 3607; x_wconf 78' lang='lat' dir='ltr'>quarante</span> <span class='ocrx_word' id='word_1_378' title='bbox 916 3561 1030 3592; x_wconf 81' lang='lat' dir='ltr'>ans.</span> <span class='ocrx_word' id='word_1_379' title='bbox 1073 3543 1123 3592; x_wconf 82' lang='lat' dir='ltr'>Il</span> <span class='ocrx_word' id='word_1_380' title='bbox 1159 3543 1314 3593; x_wconf 61' lang='lat' dir='ltr'>deora</span> <span class='ocrx_word' id='word_1_381' title='bbox 1349 3543 1589 3608; x_wconf 74' lang='lat' dir='ltr'>toutefois</span> <span class='ocrx_word' id='word_1_382' title='bbox 1627 3547 1725 3593; x_wconf 72' lang='lat' dir='ltr'>etre</span> <span class='ocrx_word' id='word_1_383' title='bbox 1762 3543 1908 3593; x_wconf 73' lang='lat' dir='ltr'>excla</span> <span class='ocrx_word' id='word_1_384' title='bbox 1944 3542 2003 3592; x_wconf 87' lang='lat' dir='ltr'>de</span> <span class='ocrx_word' id='word_1_385' title='bbox 2040 3544 2093 3592; x_wconf 87' lang='lat' dir='ltr'>la</span> <span class='ocrx_word' id='word_1_386' title='bbox 2128 3543 2312 3606; x_wconf 83' lang='lat' dir='ltr'>charge</span> <span class='ocrx_word' id='word_1_387' title='bbox 2347 3540 2406 3590; x_wconf 87' lang='lat' dir='ltr'>de</span> 
     </span>
     <span class='ocr_line' id='line_1_36' title="bbox 401 3624 1491 3691; baseline 0.004 -19"><span class='ocrx_word' id='word_1_388' title='bbox 401 3624 596 3687; x_wconf 79' lang='lat' dir='ltr'>prieur.</span> <span class='ocrx_word' id='word_1_389' title='bbox 631 3654 700 3660; x_wconf 84' lang='lat'>—</span> <span class='ocrx_word' id='word_1_390' title='bbox 729 3626 1095 3690; x_wconf 72' lang='lat' dir='ltr'>Avignon,.31</span> <span class='ocrx_word' id='word_1_391' title='bbox 1130 3626 1307 3691; x_wconf 85' lang='lat' dir='ltr'>juillet</span> <span class='ocrx_word' id='word_1_392' title='bbox 1341 3626 1491 3676; x_wconf 84' lang='lat'><strong>1329.</strong></span> 
     </span>
    </p>
   </div>
   <div class='ocr_carea' id='block_1_9' title="bbox 746 3759 1759 3812">
    <p class='ocr_par' dir='ltr' id='par_1_12' title="bbox 746 3759 1759 3812">
     <span class='ocr_line' id='line_1_37' title="bbox 746 3759 1759 3812; baseline 0.002 -12"><span class='ocrx_word' id='word_1_393' title='bbox 746 3759 851 3812; x_wconf 83' lang='lat' dir='ltr'>Reg.</span> <span class='ocrx_word' id='word_1_394' title='bbox 879 3760 1035 3812; x_wconf 63' lang='lat' dir='ltr'>Auen„</span> <span class='ocrx_word' id='word_1_395' title='bbox 1063 3768 1095 3801; x_wconf 85' lang='lat' dir='ltr'>t.</span> <span class='ocrx_word' id='word_1_396' title='bbox 1126 3775 1300 3812; x_wconf 85' lang='lat' dir='ltr'><strong>xxxm,</strong></span> <span class='ocrx_word' id='word_1_397' title='bbox 1328 3761 1402 3802; x_wconf 79' lang='lat' dir='ltr'>fol.</span> <span class='ocrx_word' id='word_1_398' title='bbox 1433 3761 1532 3812; x_wconf 88' lang='lat'><strong>522,</strong></span> <span class='ocrx_word' id='word_1_399' title='bbox 1561 3776 1603 3802; x_wconf 87' lang='lat' dir='ltr'>n.</span> <span class='ocrx_word' id='word_1_400' title='bbox 1633 3763 1759 3802; x_wconf 89' lang='lat'><strong>2438.</strong></span> 
     </span>
    </p>
   </div>
  </div>
 </body>
</html>
