2540 4354
494 378 594 434 164
880 396 1168 432 BULLAmE
1212 397 1286 429 DE
1330 378 1747 438 L'momsrrmN
1791 391 2112 437 FRANcAlsE

490 517 546 567 in
588 517 761 566 forma
796 513 1033 564 Ecclesie
1051 513 1106 562 in
1125 513 1326 563 talibus
1362 512 1640 563 observari
1659 521 1937 573 consueta,
1973 521 2027 560 et
2059 510 2492 576 reincorporatus

489 599 847 650 ecclesiastice
883 597 1101 647 unitati.
1123 596 1261 647 Acta
1296 597 1520 646 fuerunt
1552 597 1650 646 hec
1691 614 1853 657 anno,
1885 594 2199 656 indictione,
2234 595 2335 658 die,
2376 597 2489 647 loco

487 694 542 734 et
569 683 901 749 pontificatu
920 680 1194 747 predictiS,
1215 681 1558 746 presentibus
1579 677 1876 730 venerabili
1896 689 2050 744 patre
2071 678 2290 727 domino
2322 679 2484 730 fratre

493 767 785 818 Ramundo
816 764 1112 831 “episcopo
1149 764 1451 826 Venciensi,
1488 765 1708 814 domino
1746 763 1984 813 Arnaldo
2017 763 2199 824 Barte,
2235 764 2488 814 canonico

490 851 706 901 ecclesie
730 846 1174 914 Montisregalis⁷‚
1197 849 1639 899 Carcassonensis
1660 848 1905 910 diocesis,
1927 858 1981 896 et
2003 847 2288 897 Guillelmo
2309 848 2373 897 de
2390 848 2488 899 Bo-

436 933 440 936 *
486 935 698 996 laresio,
722 934 981 984 hostiario
1003 933 1210 983 domini
1226 951 1389 999 pape,
1413 934 1481 983 ad
1502 934 1598 982 hec
1619 933 1829 983 vocatis
1853 932 2158 998 specialiter
2189 941 2243 980 et
2273 932 2488 998 rogatis.

557 1019 630 1068 Et
676 1037 771 1084 ego
822 1018 1140 1068 Guillelmus
1189 1019 1254 1067 de
1303 1018 1541 1080 Petrilia,
1579 1018 1815 1076 ⁴diocesis
1865 1017 2225 1079 Caturcensis,
2273 1016 2490 1068 Camere

486 1111 694 1162 domini
744 1128 885 1176 pape
937 1109 1177 1169 clericus,
1234 1109 1567 1159 auctoritate
1597 1109 1898 1174 apostolica
1936 1108 2185 1174 publicus
2226 1108 2486 1172 notarius,

486 1195 742 1262 predictis
793 1193 1135 1255 confessioni,
1185 1192 1536 1254 abiurationi,
1588 1193 1938 1255 absolutioni,
1989 1203 2043 1242 et
2092 1192 2344 1242 omnibus
2376 1193 2487 1244 aliis
2533 1223 2537 1226 ·

485 1278 869 1346 suprascriptis
907 1277 1132 1327 interfui
1167 1288 1222 1326 et
1259 1296 1476 1343 presens
1514 1278 1946 1327 instrumentum
1983 1278 2048 1327 de
2100 1278 2364 1327 mandato
2414 1278 2488 1328 di-

488 1376 701 1415 ctorum
744 1362 1092 1413 dominorum
1135 1362 1495 1413 cardinalium
1536 1362 1755 1428 propria
1798 1381 1966 1412 manu
2001 1362 2206 1428 scripsi,
2236 1372 2290 1411 et
2317 1363 2487 1428 requi-

485 1450 620 1500 situs
651 1449 705 1498 in
736 1446 1016 1513 publicam
1046 1446 1281 1497 formam
1310 1447 1493 1512 redegi
1524 1464 1753 1513 meoque
1784 1446 1935 1511 signo
1966 1445 2126 1496 solito
2159 1446 2485 1511 consignavi.

538 1625 578 1667 1.
612 1624 672 1665 Le
705 1624 755 1664 21
793 1622 975 1664 octobre
1007 1623 1135 1675 1329,
1167 1623 1206 1664 le
1238 1636 1354 1677 pape
1386 1622 1512 1664 avait
1544 1624 1690 1664 donne
1724 1623 1851 1664 ordre
1884 1637 1942 1663 au
1975 1622 2157 1677 gai-dien
2189 1623 2249 1664 du
2297 1629 2486 1664 convent

479 1697 556 1738 des
573 1696 708 1736 freres
727 1694 922 1734 mineurs
942 1694 996 1733 de
1015 1693 1175 1734 Grasse
1194 1694 1248 1734 de
1265 1693 1375 1734 faire
1395 1693 1607 1735 conduire
1626 1708 1673 1735 ce
1691 1694 1904 1747 religieux
1923 1695 1948 1734 a
1964 1693 2188 1747 Avignon,
2208 1708 2309 1735 sous
2343 1693 2485 1734 bonne

480 1767 628 1820 garde.
658 1765 759 1818 Guy
785 1765 825 1804 F
828 1765 996 1816 ulcosii,
1021 1766 1184 1818 prevot
1209 1765 1270 1805 du
1297 1765 1498 1818 chapitre
1525 1765 1579 1805 de
1606 1765 1765 1805 Grasse
1791 1772 1838 1805 et
1862 1764 2095 1818 chapelain
2122 1765 2181 1804 du
2208 1779 2338 1818 pape,
2363 1764 2483 1806 avait

479 1839 549 1879 ete
571 1839 731 1891 charge
753 1839 808 1878 de
829 1836 980 1878 veiller
1001 1838 1025 1877 a
1045 1836 1087 1877 la
1109 1845 1316 1890 prompte
1339 1837 1575 1878 execution
1596 1839 1650 1877 de
1672 1844 1743 1877 cet
1763 1838 1904 1877 ordre.
1927 1837 2051 1876 Voici
2071 1838 2110 1877 le
2131 1844 2255 1877 texte
2276 1838 2351 1878 des
2370 1837 2483 1878 deux

483 1909 601 1949 brefs
630 1909 685 1948 de
715 1908 830 1948 Jean
859 1908 1001 1948 XXII
1033 1922 1042 1947 ε

831 2029 935 2081 Reg.
966 2029 1080 2082 Van,
1106 2036 1138 2069 t.
1168 2043 1274 2081 cxv,
1299 2030 1374 2070 fol.
1402 2030 1500 2081 212,
1526 2043 1568 2069 n,
1596 2029 1720 2071 2119.

542 2129 755 2182 Magistro
789 2128 1023 2169 Guillelmo
1056 2125 1262 2180 Fulcosii,
1294 2128 1520 2181 preposito
1554 2129 1732 2169 ecclesie
1765 2128 2032 2182 Grassensis,
2064 2129 2292 2182 capellano
2323 2135 2486 2171 nostro.

479 2225 531 2232 —
557 2201 652 2251 Que
684 2198 927 2241 venerabili
958 2199 1087 2240 fratri
1120 2206 1273 2240 nostro
1305 2198 1494 2250 Amelio,
1528 2199 1734 2252 episcopo
1769 2199 2007 2252 Castrensi,
2040 2200 2228 2240 scribere
2277 2198 2486 2241 curavisti

478 2271 670 2311 vidimus
697 2277 741 2311 et
764 2269 1064 2310 intelleximus
1101 2269 1349 2321 diligenter,
1375 2269 1576 2310 sedulam
1599 2268 1753 2321 itaque
1778 2269 2058 2323 diligenciam
2082 2284 2160 2323 per
2184 2278 2228 2311 te
2252 2284 2381 2324 super
2403 2269 2483 2310 hiis

476 2340 744 2393 adhibitam,
766 2355 817 2381 ac
843 2339 1108 2380 fidelitatem
1131 2353 1268 2392 quam
1290 2339 1347 2379 ad
1369 2353 1448 2379 nos
1471 2346 1517 2379 et
1539 2339 1785 2380 Ecclesiam
1807 2353 1861 2379 ex
1882 2341 1964 2380 hoc
1988 2347 2032 2380 te
2053 2354 2202 2393 gerere
2223 2338 2480 2394 pretendisti

476 2411 720 2465 plurimum
748 2411 795 2450 in
826 2411 1018 2451 Domino
1050 2411 1432 2462 commendantes,
1464 2418 1592 2451 tuam
1621 2411 1910 2463 prudentiam
1941 2411 2244 2464 exhortamur,
2276 2412 2480 2465 quatinus

475 2482 536 2523 sic
568 2482 772 2522 ordinare
801 2483 1011 2535 procures
1041 2481 1161 2535 quod
1191 2481 1262 2521 ille
1293 2482 1347 2521 dc
1378 2495 1464 2534 quo
1496 2481 1710 2534 scripsisti
1738 2480 1927 2522 liberum
1957 2482 2161 2522 volatum
2189 2496 2278 2522 non
2305 2482 2480 2535 habeat,

474 2553 552 2594 sed
580 2553 638 2592 ad
666 2560 867 2593 nostram
895 2551 1076 2592 o'mnino
1106 2551 1381 2604 presenciam
1408 2552 1683 2599 adducatur3
1729 2551 1948 2592 credimus
1977 2551 2197 2605 siquidem
2237 2553 2355 2605 quod
2395 2553 2480 2593 iam

471 2623 588 2664 illius
609 2623 808 2676 superior
826 2622 928 2662 illuc
950 2636 1029 2675 pro
1049 2621 1273 2675 premissis
1294 2621 1464 2663 miserit
1483 2621 1801 2675 adimplendis;
1841 2624 1961 2676 quod
1981 2623 2016 2663 si
2035 2623 2187 2664 forsan
2206 2638 2296 2664 non
2314 2623 2480 2676 fecerit,

474 2707 574 2734 ecce
605 2693 766 2734 dilecto
802 2693 912 2734 filio.
933 2726 941 2734 .
983 2692 1207 2733 Gardiano
1239 2691 1433 2732 fratrum
1463 2693 1689 2733 minorum
1721 2692 2030 2734 Grassensium
2060 2707 2138 2747 per
2168 2700 2340 2736 nostras
2371 2706 2478 2748 quas

472 2778 551 2817 per
578 2771 622 2804 te
650 2763 733 2804 sibi
760 2763 1007 2816 presentari
1035 2763 1242 2803 volumus
1270 2762 1444 2803 litteras
1472 2762 1705 2803 scribimus
1733 2770 1785 2802 ut
1811 2777 1913 2803 eum
1939 2778 2018 2817 per
2043 2778 2103 2817 se,
2131 2765 2203 2805 vel
2228 2764 2378 2816 alium,
2404 2776 2477 2804 seu

472 2834 597 2886 alios,
633 2834 715 2875 sub
751 2847 904 2874 secura
941 2833 1145 2874 custodia
1181 2833 1342 2874 ducere
1377 2834 1434 2874 ad
1471 2832 1639 2873 dictam
1674 2834 1949 2886 presenciam
1984 2848 2074 2874 non
2109 2835 2306 2875 omittat.
2341 2833 2477 2888 Super
2509 2841 2513 2843 ”

472 2904 634 2957 quibus
659 2918 738 2958 per
763 2905 970 2945 eumdem
995 2903 1273 2944 Gardianum
1298 2911 1351 2944 ut
1374 2903 1458 2944 sibi
1483 2903 1717 2944 scribimus
1743 2905 2014 2957 exequendis
2040 2913 2165 2946 curet
2189 2914 2267 2946 tua
2291 2905 2476 2958 pruden-

471 2975 538 3015 cia
574 2988 808 3028 operosam
841 2975 1173 3015 solicitudinem
1193 2972 1433 3015 adhibere.
1466 2997 1525 3002 ——
1559 2975 1731 3015 Datum
1764 2975 1994 3028 Avinioni,
2029 2989 2094 3015 x11
2143 2977 2355 3017 kalendas
2403 2987 2477 3015 no-

468 3044 677 3098 vembris,
705 3059 822 3086 anno
850 3046 976 3087 XIV.

816 3145 919 3197 Reg.
954 3145 1068 3198 Vat„
1099 3153 1131 3187 t.
1163 3159 1271 3198 xcv,
1299 3145 1375 3187 fol.
1407 3147 1505 3198 212,
1535 3161 1577 3186 n.
1609 3147 1734 3187 2120.

528 3243 752 3285 Gardiano
786 3243 979 3285 fratrum
1012 3245 1236 3286 minorum
1270 3245 1593 3286 Grassensium.
1627 3268 1685 3274 —
1718 3245 1829 3286 Cum
1861 3245 2088 3287 Veranum
2120 3246 2278 3300 Boyre,
2311 3241 2469 3286 ordinis

464 3312 657 3354 fratrum
690 3314 928 3367 minorum,
963 3315 1093 3356 certis
1128 3330 1181 3355 ex
1215 3315 1359 3356 causis
1393 3316 1580 3357 velimus
1615 3323 1766 3357 nostro
1801 3317 2058 3370 conspectui
2108 3316 2364 3370 presentari,
2409 3313 2471 3355 di·

465 3384 673 3425 scretioni
700 3391 776 3424 tue
801 3386 846 3424 in
872 3385 1041 3426 virtute
1067 3393 1219 3426 sancte
1247 3385 1500 3426 obedientie
1525 3400 1576 3426 ac
1597 3387 1678 3426 sub
1697 3387 2170 3429 excommunicationis
2187 3401 2315 3441 pena,
2336 3396 2466 3439 quam

465 3462 509 3493 te
539 3455 759 3498 incurrere
791 3456 998 3496 volumus
1029 3455 1124 3509 ipso
1155 3455 1293 3508 facto,
1324 3456 1359 3496 si
1391 3463 1435 3496 te
1465 3456 1762 3509 negligentem
1792 3457 1837 3496 in
1867 3457 1951 3497 hac
1981 3465 2108 3510 parte
2139 3458 2209 3498 vel
2238 3455 2463 3498 remissum

462 3524 723 3577 reddideris,
756 3525 1002 3566 districtius
1035 3526 1320 3579 precipiendo
1352 3527 1621 3567 mandamus
1654 3526 1867 3579 quatinus
1901 3529 2107 3568 eumdem
2140 3528 2361 3568 Veranum
2390 3537 2466 3579 per

465 3601 524 3645 te,
557 3595 627 3635 vel
659 3595 812 3648 alium,
845 3611 921 3637 seu
952 3596 1076 3649 alios,
1109 3597 1165 3637 ad
1199 3604 1401 3637 nostram
1432 3598 1653 3638 adducere
1683 3597 1959 3650 presenciam
1979 3599 2060 3638 sub
2092 3612 2244 3639 secura
2264 3593 2461 3638 custodia

462 3677 551 3702 non
576 3672 836 3718 postponas,
862 3674 907 3706 te
932 3666 1082 3707 taliter
1107 3680 1238 3719 super
1261 3667 1345 3707 hiis
1370 3667 1621 3719 habiturus,
1648 3667 1756 3720 quin
1780 3668 1933 3720 pocius
1959 3669 2013 3708 de
2038 3667 2268 3721 diligencia
2293 3674 2338 3708 et
2360 3665 2458 3706 obe·

461 3739 631 3781 diencia
664 3743 965 3783 commendari
998 3745 1146 3784 valeas
1179 3758 1317 3797 quam
1347 3745 1401 3784 de
1433 3744 1703 3796 negligencia
1735 3746 2010 3798 reprehendi.
2043 3768 2100 3775 —-
2133 3746 2301 3786 Datum
2346 3739 2455 3783 Avi-

462 3808 597 3861 nioni,
630 3825 695 3849 x11
727 3812 940 3854 kalendas
972 3813 1242 3866 novembris,
1274 3827 1391 3853 anno
1424 3814 1548 3857 XIV.
