2540 4354
368 347 468 399 200
754 359 1040 395 BULLAIRE
1083 358 1158 391 ms
1201 339 1619 399 L’1NQu1s-1T10N
1663 357 1986 401 FRANQAlsn

357 482 538 542 ⁴frater
583 487 768 528 noster
830 477 906 536 Ρ.,
975 472 1374 538 Rothomagen.
1396 473 1852 539 archiepiscopus,
1903 473 2378 540 circumspectioni

368 548 526 628 regie,
567 561 611 612 si
649 560 836 611 audire
873 557 1111 617 libuerit,
1152 556 1321 607 lacius
1361 557 1674 622 explicabit,
1718 557 1803 607 cui
1823 558 2037 623 placeat
2056 559 2375 610 excellentie

367 647 508 712 regie
534 646 698 695 fidem
719 642 1006 693 indubiam
1028 640 1303 691 adhibere.
1328 669 1397 675 —
1420 641 1627 690 Datum
1650 651 1712 690 ut
1735 659 1897 707 supra
1923 642 2068 706 (xv11
2110 643 2375 694 kalendas

369 730 623 791 octobris,
661 746 803 778 anno
842 725 1050 775 decimo
1089 725 1327 788 octavo).

424 865 464 904 1.
497 863 561 903 La
583 861 716 901 lettre
738 858 1004 912 precedente
1027 856 1229 896 adressee
1252 857 1278 895 a
1299 856 1342 896 la
1364 855 1484 896 reine
1506 858 1561 896 de
1586 854 1753 898 France
1776 864 1951 910 permet
1973 858 2028 898 de
2050 859 2252 900 combler
2270 859 2383 901 ainsi

366 928 411 976 la
434 934 594 974 lacune
620 930 697 984 qui
722 928 863 970 existe
889 928 915 966 a
940 933 1013 968 cet
1037 925 1216 967 endroit
1240 941 1249 966 ε
1279 926 1326 966 in
1350 932 1449 978 quot
1471 940 1630 966 errores
1658 926 1911 980 (predicator
1936 927 2006 968 ille
2028 929 2102 981 qui
2123 935 2277 982 captus
2295 930 2382 983 suit

367 1003 586 1045 Avinione
616 1002 670 1042 ab
703 996 1033 1052 inquisitoribus
1063 995 1292 1050 pravilatis
1323 997 1497 1037 heretice
1530 997 1577 1037 in
1606 1011 1684 1038 suo
1714 1011 1905 1038 sermone
1936 998 2146 1052 inciderit)
2200 1007 2378 1053 quotque

368 1074 519 1116 etiam.
539 1104 548 1113 .
586 1070 794 1121 Melden.,
827 1075 911 1109 etc.

1140 1440 1215 1448 —
1256 1403 1520 1464 135-136
1564 1439 1637 1448 —

441 1574 512 1624 Le
539 1590 678 1638 pape
709 1570 888 1636 notifie
916 1587 988 1619 au
1016 1568 1094 1618 roi
1123 1568 1183 1618 de
1214 1566 1495 1633 Majorque
1524 1567 1881 1632 l'adjonetion,
1914 1570 2041 1635 faite
2069 1589 2168 1636 par
2197 1571 2292 1634 lui,
2324 1573 2384 1622 de

372 1658 592 1723 l’eve'que
631 1656 691 1706 de
711 1654 1070 1720 Maguelonne
1100 1655 1133 1702 ὰ
1165 1652 1386 1718 Ρένέᾳιιε
1417 1652 1607 1702 d’Elne
1638 1664 1682 1702 et
1710 1656 1742 1702 ἀ
1775 1653 2134 1720 l'inquisiteur
2165 1675 2298 1721 pour
2329 1657 2379 1707 la

373 1740 615 1792 conduite
654 1740 726 1789 du
765 1742 942 1804 proces
982 1735 1308 1787 d’Adhe'mar
1347 1736 1406 1786 de
1450 1736 1662 1786 Mosset.
1709 1737 1759 1786 Il
1800 1737 1983 1788 insiste
2006 1744 2198 1804 aupres
2216 1740 2287 1790 du
2304 1742 2379 1792 roi

374 1844 567 1876 comme
605 1828 797 1889 aupres
835 1823 895 1872 de
932 1822 1154 1887 l’e'veque
1190 1821 1380 1870 d'Elne
1416 1839 1551 1885 pour
1588 1840 1682 1886 que
1721 1822 1862 1871 nulle
1900 1822 2147 1888 injustiee
2186 1844 2248 1874 ne
2284 1825 2382 1876 soit

373 1909 619 1961 eommise
652 1911 686 1958 ὰ
721 1906 919 1972 l’egard
953 1906 1013 1956 de
1047 1924 1099 1955 ce
1133 1904 1379 1969 seigneur
1412 1903 1449 1955 1.
1487 1933 1556 1939 —
1589 1904 1862 1970 Avignon,
1902 1907 1930 1957 7
1967 1909 2189 1958 octobre
2227 1909 2376 1961 1333.

719 2039 824 2092 Reg.
859 2039 973 2091 Vat.,
1003 2046 1035 2079 t.
1069 2051 1213 2090 cxvn,
1242 2037 1318 2078 fol.
1351 2051 1499 2077 cchv
1529 2041 1595 2090 v0,
1625 2052 1667 2079 n.
1699 2038 1828 2091 1248,
1857 2039 1990 2088 12493
2038 2040 2185 2095 Vidal,
2213 2041 2383 2097 Proces,

662 2118 763 2163 etc„
788 2125 831 2164 p.
860 2109 958 2162 695,
985 2109 1081 2150 696.

449 2227 584 2293 Regi
605 2224 1004 2276 Maioricarum.
1025 2251 1095 2258 —
1114 2223 1189 2273 Ut
1207 2222 1491 2288 inceptum
1510 2240 1605 2288 per
1623 2224 1995 2275 venerabilem
2028 2226 2254 2277 fratrem
2287 2247 2376 2278 no-

373 2324 550 2364 strum
574 2310 898 2370 Guidonem,
920 2307 1237 2374 episcopum
1260 2307 1470 2368 Elnen.,
1492 2317 1682 2359 contra
1695 2308 1937 2359 nobilem
1957 2310 2137 2361 virum
2152 2311 2381 2362 Adema-

374 2398 517 2447 rium
557 2397 621 2445 de
665 2395 900 2444 Mosseto
941 2391 1310 2458 inquisitionis
1352 2391 1635 2456 negotium
1678 2411 1809 2457 pure
1845 2413 1906 2443 ac
1936 2394 2050 2444 sine
2081 2395 2380 2461 suspitione

377 2481 723 2548 procedatur,
749 2496 872 2527 ven.
899 2477 1126 2527 fratrem
1149 2486 1400 2525 nostrum
1427 2476 1756 2538 Johannem,
1783 2477 2106 2544 episcopum
2148 2482 2382 2547 Magalo-

377 2564 701 2627 nen.,eidem
736 2563 926 2612 Elnen.
948 2560 1202 2626 episcopo
1230 2579 1292 2610 ac
1311 2559 1625 2626 inquisitori
1652 2561 1885 2611 heretice
1909 2564 2204 2628 pravitatis
2225 2567 2385 2616 duxi-

379 2669 497 2700 mus
517 2647 944 2712 adiungendum.
969 2645 1231 2708 Quocirca
1252 2644 1456 2709 regiam
1477 2645 1857 2697 excellentiam
1888 2666 2145 2713 rogamus
2171 2660 2384 2700 attente

379 2734 639 2801 quatinus
664 2732 845 2798 ipsum
869 2730 1125 2790 nobilem,
1154 2747 1219 2778 ne
1238 2729 1506 2779 inferatur
1525 2729 1627 2779 sibi
1651 2729 1863 2793 iniuria,
1883 2733 1974 2781 sed
1995 2731 2195 2798 potius,
2217 2754 2384 2801 quan-

377 2830 497 2869 tum
536 2815 648 2868 sine
686 2814 983 2882 preiudicio
1023 2813 1266 2863 eiusdem
1311 2812 1685 2878 Inquisitionis
1739 2816 1947 2880 negocii
1999 2817 2113 2868 fieri
2165 2821 2384 2886 poterit,

377 2912 648 2953 tractetur
680 2898 1058 2950 favorabiliter
1090 2897 1462 2947 benivolentia
1495 2898 1640 2963 regia
1673 2897 1878 2948 habeat
1919 2905 2383 2958 commendatum.

382 2987 588 3036 Datum
621 2984 775 3034 nonis
808 2982 1063 3043 octobris,
1097 2999 1241 3031 anno
1277 2981 1490 3031 XVIII.

452 3090 643 3140 Eidem
677 3088 930 3154 episcopo
967 3087 1157 3136 Elnen.
1178 3114 1246 3120 —
1277 3086 1430 3146 Cum,
1465 3086 1607 3136 sicut
1639 3087 1797 3137 novit
1829 3099 1926 3140 tua
1960 3090 2296 3157 fraternitas,
2330 3095 2383 3144 in

379 3174 597 3241 negotio
639 3172 766 3223 fidei
803 3170 1013 3238 puritas
1052 3170 1123 3220 sit
1161 3170 1448 3231 servanda,
1488 3171 1899 3223 fraternitatem
1938 3175 2225 3227 hortamur
2261 3196 2381 3228 ean·

372 3260 504 3309 ,dem
536 3256 816 3324 quatinus,
847 3273 930 3316 ne,
963 3272 1125 3320 super
1154 3253 1372 3318 negotio
1402 3254 1773 3320 inquisitionis
1804 3275 1899 3322 per
1927 3269 1981 3309 te
2013 3270 2201 3312 contra
2233 3263 2382 3313 nobi-

379 3344 486 3392 lem
519 3342 698 3391 virum
734 3338 1089 3390 Ademarium
1124 3339 1188 3387 de
1225 3339 1461 3388 Mosseto
1495 3338 1729 3404 incepte,
1766 3340 1869 3391 sibi
1902 3343 2085 3409 aliqua
2119 3346 2384 3397 inferatur

382 3445 476 3493 per
502 3436 574 3487 te,
605 3435 703 3476 aut
732 3424 993 3488 collegam
1021 3433 1200 3483 tuum,
1231 3423 1317 3471 vel
1344 3421 1727 3487 inquisitorem
1754 3423 1950 3477 iniuria
1980 3430 2072 3478 sed
2103 3448 2235 3496 pure
2265 3450 2382 3497 pro·

381 3511 608 3561 cedatur
636 3519 691 3558 et
719 3508 860 3558 iuste
891 3507 1114 3557 studeas
1146 3524 1452 3572 precavere.
1484 3534 1554 3541 —
1585 3507 1792 3557 Datum
1824 3520 1885 3559 ut
1914 3529 2095 3577 supra.

437 3648 478 3688 1.
509 3646 630 3700 Voir,
653 3661 729 3687 sur
751 3652 870 3687 cette
892 3643 1062 3696 affaire,
1085 3643 1147 3685 les
1171 3658 1214 3684 n.
1240 3644 1322 3684 125
1351 3643 1430 3695 bis,
1454 3644 1552 3696 127,
1577 3644 1658 3685 130
1687 3644 1766 3698 bis,
1789 3646 1872 3688 130
1895 3654 1969 3702 ter,
1993 3650 2091 3704 132,
2114 3652 2211 3695 139.
