2540 4354
445 336 547 388 114
834 359 1122 392 BULLAIRE
1167 362 1239 393 DE
1281 343 1696 404 L’1NQu1srr10N
1742 359 2062 402 FRANcAisE

446 469 591 533 quod
637 469 815 520 dictus
858 472 1194 524 Bertrandus
1237 473 1292 523 in
1335 475 1498 524 domo
1542 492 1638 524 sua
1681 482 2063 539 receptaverat
2107 470 2447 533 multociens,

445 569 508 601 ac
541 552 708 603 etiam
741 557 1062 621 receptabat
1095 557 1275 622 plures
1308 575 1566 623 personas
1602 575 1704 623 que
1740 556 1898 611 dictis
1933 554 2170 606 scientiis
2218 565 2273 604 et
2320 554 2448 604 arti-

447 636 546 686 bus
592 639 894 688 utebantur
939 643 1312 691 conversando
1358 641 1573 707 publice
1620 660 1744 692 cum
1808 640 2038 702 eisdem;
2084 639 2340 705 quodque
2386 638 2450 686 de

446 720 702 785 predictis
735 722 987 774 omnibus
1019 734 1136 775 erat
1167 735 1221 774 et
1252 726 1432 776 fuerat
1462 727 1708 792 prefatus
1739 725 2076 776 Bertrandus
2096 723 2242 788 apud
2262 721 2452 772 civita·

445 813 559 853 tem
592 807 841 856 eamdem
876 807 1252 874 multipliciter
1285 809 1623 861 diffamatus.
1662 809 1913 860 Prefatus
1947 808 2231 875 episcopus
2265 807 2451 856 nolens

445 887 712 953 premissa
744 889 818 939 sic
849 891 1091 942 enormia
1123 892 1429 944 incorrecta
1462 893 1887 943 conniventibus
1919 891 2087 942 oculis
2123 889 2454 957 pertransire

447 982 635 1022 contra
651 972 862 1023 dictum
874 975 1243 1026 Bertrandum
1256 989 1482 1044 propter
1500 979 1601 1028 hoc
1621 978 1729 1028 suis
1750 977 2055 1028 carceribus
2077 975 2453 1040 mancipatum

443 1054 649 1122 incepit
685 1058 956 1124 inquirere
995 1060 1298 1126 diligenter.
1342 1063 1413 1112 Et
1450 1063 1677 1114 tandem
1715 1072 1940 1128 propter
1977 1060 2265 1111 criminum
2303 1077 2454 1108 enor-
2538 1115 2540 1118 ¹

448 1141 700 1191 mitatem
742 1143 1058 1195 huiusmodi
1098 1156 1153 1195 et
1194 1157 1257 1195 ut
1298 1147 1650 1198 exhiberetur
1690 1146 1901 1213 plenius
1943 1163 2104 1211 super
2123 1143 2222 1194 hiis
2242 1143 2452 1194 iusticie

445 1226 929 1294 complementum,
979 1229 1160 1295 ipsum
1207 1231 1577 1282 Bertrandum
1625 1232 1694 1282 ad
1746 1231 1940 1282 Sedem
1960 1228 2320 1296 apostolicam
2353 1229 2453 1278 sub

449 1310 557 1360 fida
590 1311 839 1362 custodia
870 1314 1248 1366 transmittere
1280 1316 1616 1382 procuravit.
1653 1317 1762 1366 Nos
1794 1326 1982 1366 autem
2012 1331 2174 1380 super
2194 1311 2449 1379 predictis

445 1404 499 1443 et
525 1412 586 1444 ea
612 1397 968 1461 tangentibus
995 1399 1242 1450 volentes
1269 1401 1480 1467 plenius
1506 1400 1791 1451 informari
1815 1399 1919 1450 tibi
1943 1418 2005 1449 ac
2032 1400 2171 1449 bone
2199 1396 2453 1446 memorie

449 1479 629 1544 Petro,
660 1479 810 1530 tituli
839 1482 1017 1532 sancti
1047 1484 1315 1550 Stephani
1342 1484 1398 1534 in
1429 1485 1766 1535 Celiomonte
1790 1485 1827 1546 ⁷,
1848 1482 2150 1550 presbitero
2171 1479 2449 1541 cardinali,
2524 1530 2532 1536 ,

445 1573 507 1612 ut
538 1564 831 1615 veritatem
852 1567 1075 1618 solerter
1092 1567 1363 1634 inquirere
1382 1568 1648 1635 nobisque
1666 1569 1882 1618 refferre
1902 1568 2048 1634 quod
2067 1564 2372 1632 repereritis
2403 1564 2456 1614 in

446 1648 547 1697 hac
573 1659 729 1714 parte
759 1650 993 1701 fideliter
1019 1653 1280 1703 curaretis
1309 1653 1681 1704 commisimus
1707 1653 1836 1703 viva
1864 1670 2014 1703 voce.
2045 1651 2206 1702 Cuius
2235 1649 2454 1715 quidem
2526 1656 2530 1706 J

447 1734 841 1786 commissionis
877 1737 1210 1788 auctoritate
1245 1738 1314 1788 ad
1349 1749 1505 1788 actus
1540 1756 1650 1788 non
1683 1738 1860 1788 nullos
1895 1737 2028 1787 dum
2063 1736 2245 1786 adhuc
2277 1734 2454 1784 dictus

450 1819 641 1869 Petrus
685 1820 973 1872 cardinalis
1015 1821 1192 1873 vitam
1233 1822 1289 1873 in
1331 1822 1585 1873 humanis
1627 1833 1812 1888 ageret
1852 1821 1908 1872 in
1949 1820 2194 1887 predicto
2237 1818 2455 1884 negotio

447 1904 735 1968 procedere
770 1905 1077 1958 curavistis.
1116 1907 1187 1957 Et
1220 1909 1617 1973 subsequenter
1650 1907 1842 1957 eodem
1876 1904 2139 1956 cardinali
2171 1903 2312 1954 sicut
2348 1904 2474 1963 Do-,

447 1987 593 2038 mino
619 1989 827 2055 placuit
851 1990 966 2042 vita
992 1991 1202 2054 functo,
1228 2002 1291 2042 tu
1316 1993 1381 2042 de
1407 1992 1671 2043 mandato
1697 2002 1884 2042 nostro
1910 1990 2034 2041 vive
2060 1988 2208 2040 vocis
2234 1987 2448 2038 oraculo

447 2071 550 2122 tibi
578 2073 744 2136 facto,
775 2093 936 2141 super
964 2075 1238 2142 premissis
1269 2077 1337 2127 ad
1367 2087 1523 2128 actus
1553 2076 1703 2138 alios,
1734 2086 1899 2142 prout
1927 2075 2170 2126 eiusdem
2199 2072 2452 2138 exigebat

447 2156 684 2221 qualitas
713 2159 938 2224 negocii,
969 2160 1296 2226 processisti.
1329 2162 1585 2211 Volentes
1613 2160 1802 2226 itaque
1830 2159 2116 2225 negocium
2144 2155 2456 2208 huiusmodi

445 2241 698 2306 exigente
723 2243 939 2294 iusticia
967 2245 1072 2294 fine
1098 2245 1285 2296 debito
1309 2244 1611 2308 terminari,
1637 2264 1699 2296 ac
1731 2246 1796 2295 de
1827 2255 1921 2294 tue
1954 2240 2454 2308 circumspectionis

445 2326 717 2392 exquisite
767 2328 1117 2393 providentia
1166 2331 1386 2395 plenam
1434 2330 1488 2380 in
1541 2329 1776 2380 Domino
1828 2329 2087 2380 fiduciam
2122 2327 2453 2387 obtinentes,

446 2410 763 2462 discretioni
798 2424 890 2462 tue
927 2431 1022 2479 per
1058 2413 1361 2480 apostolica
1398 2414 1615 2486 scripta.
1639 2413 2038 2463 committimus
2058 2423 2113 2461 et
2133 2412 2456 2461 mandamus
2517 2411 2521 2415 ’

447 2496 707 2560 quatinus
739 2497 1035 2564 resumptis
1071 2498 1324 2549 omnibus
1359 2498 1700 2565 processibus
1734 2508 1851 2548 tam
1886 2516 1980 2564 per
2012 2508 2066 2546 te
2114 2515 2176 2547 ac
2223 2495 2454 2544 eundem

445 2579 778 2632 cardinalem
810 2582 988 2645 simul,
1023 2602 1191 2648 quam
1223 2601 1317 2649 per
1347 2594 1402 2633 te
1435 2584 1612 2634 solum
1643 2593 1698 2632 et
1730 2581 1952 2649 quosvis
1985 2580 2117 2632 alios
2149 2597 2310 2646 super
2342 2595 2454 2644 pre·

445 2663 606 2715 dictis
632 2665 835 2717 habitis
862 2666 1046 2733 eisque
1074 2667 1360 2734 completis
1387 2678 1441 2718 et
1467 2667 1740 2734 perfectis,
1769 2665 1812 2717 si
1837 2665 2067 2733 perfecti
2092 2663 2323 2715 forsitan
2348 2680 2455 2712 non

444 2749 649 2799 fuerint
686 2761 741 2800 et
779 2751 1056 2818 completi,
1095 2752 1349 2804 habendo
1388 2771 1483 2818 pre
1521 2751 1688 2802 oculis
1727 2752 1904 2801 solum
1946 2751 2140 2812 Deum,
2180 2748 2456 2814 prefatum

443 2833 832 2898 Bertrandum‚
878 2835 972 2902 qui
1015 2847 1241 2903 propter
1285 2836 1532 2902 predicta
1577 2835 1776 2886 nostris
1810 2835 2089 2886 detinetur
2110 2832 2456 2898 mancipatus

446 2919 768 2983 carceribus,
810 2921 1146 2971 absolvendo
1187 2922 1274 2971 vel
1314 2921 1790 2988 condempnando,
1832 2930 1998 2986 prout
2036 2920 2101 2969 de
2141 2918 2254 2968 iure
2293 2914 2456 2967 fuerit

445 3012 500 3052 et
529 3005 832 3055 secundum
865 3006 1043 3055 Deum
1071 3004 1176 3056 tibi
1203 3005 1501 3069 videbitur,
1533 3006 1756 3056 studeas
1787 3004 1999 3055 dictum
2017 3002 2303 3070 negocium
2325 3000 2455 3050 fina-

446 3085 570 3137 liter
611 3089 908 3140 terminare
952 3091 990 3141 ⁸.
1035 3119 1104 3126 —
1148 3090 1357 3141 Datum
1401 3090 1680 3154 Avinioni,
1727 3109 1764 3140 x
1806 3089 2071 3140 kalendas
2115 3083 2456 3154 septembris,

443 3190 587 3224 anno
620 3175 848 3228 decimo.

501 3331 541 3373 1.
575 3332 797 3375 Bertrand
817 3335 872 3375 de
892 3333 1165 3388 Montfaves,
1186 3332 1407 3377 chanoine
1426 3336 1481 3377 de
1502 3334 1711 3388 Chalons,
1731 3335 1787 3376 de
1807 3334 1974 3377 Cahors
1995 3341 2041 3376 et
2060 3333 2115 3375 de
2135 3331 2279 3386 Lyon,
2300 3341 2457 3385 promu

444 3416 504 3443 au
527 3402 779 3446 cardinalat
800 3405 841 3445 le
863 3405 917 3446 18
942 3405 1177 3447 decembre
1199 3405 1332 3454 1316;
1375 3413 1561 3447 mourut
1583 3406 1622 3446 le
1646 3405 1714 3445 12¹
1744 3405 1978 3447 decembre
2015 3404 2142 3445 1342.
2183 3398 2457 3451 Ciacconius,

444 3473 526 3512 col.
550 3473 760 3523 411-412;
784 3474 965 3528 Baluze‚
992 3474 1132 3529 Vitae,
1155 3476 1236 3517 col.
1261 3475 1472 3523 728-731;
1514 3475 1672 3528 Eubel,
1694 3475 1836 3528 Hier„
1860 3483 1892 3534 t.
1918 3489 1948 3527 1,
1972 3488 2015 3528 p.
2039 3473 2115 3523 14;
2138 3472 2267 3525 Albe,
2288 3470 2456 3512 Autour

443 3542 493 3582 de
518 3543 632 3584 Jean
658 3544 705 3583 X
706 3545 823 3586 XII.
851 3545 912 3586 Le
935 3546 1135 3587 cardinal
1158 3547 1209 3587 de
1232 3545 1496 3598 Montlavbs,
1524 3545 1706 3598 Cahors,
1733 3546 1859 3587 1904.

499 3613 537 3652 2.
571 3613 794 3655 Amanieu
814 3616 868 3657 de
891 3616 1067 3669 Farges‚
1089 3631 1251 3670 promu
1271 3617 1296 3656 a
1315 3615 1442 3668 Agen
1462 3630 1517 3656 en
1536 3615 1668 3665 1314;
1691 3623 1811 3657 mort
1831 3631 1885 3657 en
1904 3615 2030 3656 1357.
2059 3613 2205 3655 Gallia
2225 3613 2326 3654 chr..
2348 3618 2376 3652 t.
2400 3622 2448 3660 11,

442 3683 523 3722 col.
557 3683 660 3731 924;
697 3685 853 3746 Eubel,
884 3686 1026 3738 Hier„
1058 3694 1090 3727 t.
1124 3701 1155 3739 1,
1187 3701 1230 3740 p.
1264 3687 1332 3727 76.

499 3753 539 3792 3.
572 3753 775 3796 Andiran
810 3755 1245 3810 (Lot-et-Garonne),
1277 3757 1454 3798 arrond.
1489 3763 1535 3797 et
1566 3765 1685 3799 cant.
1719 3758 1774 3799 de
1807 3758 1964 3799 Ner-ac.
