2540 4354
436 370 466 422 4
857 388 1143 422 BULLMRE
1186 367 1708 441 DniL’1NQu1s1T1ox
1745 386 2062 429 FRANQMSE

435 513 660 579 gerenti,
703 514 938 564 salutem
978 523 1032 562 et
1073 512 1434 578 apostolicam
1475 509 2022 560 benedictionem.—
2063 510 2140 559 Ea
2181 509 2337 559 nobis
2379 510 2442 566 de

433 597 601 647 fratre
636 597 914 647 Bernardo
938 595 1202 658 Delitiosi‚
1224 595 1307 644 tui
1342 595 1562 656 ordinis,
1581 594 1894 643 referuntur
1930 611 2033 659 que
2069 611 2179 642 non
2210 592 2443 642 intendi-

434 700 571 743 mus,
598 691 763 747 prout
787 681 955 731 etiam
981 698 1078 730 nec
1104 660 1382 740 debemus,
1411 679 1606 728 saltem
1632 688 1856 743 propter
1881 676 2117 743 exempli
2135 676 2444 743 perniciem,

432 763 476 814 si
504 764 741 815 veritate
770 764 1039 825 nitantur,
1072 763 1422 828 aliquatenus
1451 761 1755 827 relinquere
1785 761 2105 812 incorrecta.
2142 762 2261 827 Ipse
2292 780 2444 812 nam·

433 867 554 912 que,
594 859 656 898 ut
693 848 1020 914 accepimus,
1061 858 1251 897 contra
1290 846 1530 896 officium
1566 845 1955 911 inquisitorum
1992 845 2227 895 heretice
2265 845 2443 911 pravi·

430 931 562 983 tatis
593 931 809 983 illarum
855 931 1115 998 partium,
1170 941 1442 995 tanquam
1491 929 1683 980 eadem
1740 929 1992 980 forsitam
2043 928 2320 994 pravitate
2361 948 2440 980 re-

428 1033 661 1080 spersus,
693 1016 781 1066 vel
813 1025 1002 1065 contra
1034 1013 1383 1078 inquisitores
1405 1013 1677 1078 predictos
1698 1012 1885 1063 livoris
1906 1013 2096 1063 ardore
2131 1031 2439 1079 succensus,

429 1119 537 1148 non
566 1110 648 1149 est
676 1099 883 1149 veritus
913 1098 1128 1165 publice
1158 1098 1438 1164 predicare
1467 1108 1522 1146 et
1550 1116 1738 1147 eorum
1767 1116 1863 1163 pro
1893 1116 1990 1147 suo
2020 1116 2174 1163 posse
2207 1097 2441 1147 officium

426 1183 706 1249 impedire,
748 1183 1073 1233 concitando
1117 1182 1362 1231 fidelium
1400 1183 1631 1248 populos
1672 1193 1861 1233 contra
1902 1201 2008 1244 eos,
2048 1181 2194 1247 ipsos
2233 1193 2350 1231 tam
2387 1181 2441 1232 in

427 1267 573 1317 curia
606 1267 869 1317 carissimi
897 1267 952 1316 in
985 1266 1199 1317 Christo
1235 1266 1329 1315 filii
1359 1266 1530 1316 nostri
1561 1266 1699 1332 regis
1734 1266 1958 1317 Francie
2003 1266 2227 1316 illustris
2274 1285 2438 1331 quam

425 1351 556 1402 alibi
579 1351 831 1416 nequiter
855 1351 1196 1403 diffamando
1222 1361 1277 1399 et
1302 1369 1354 1400 se
1381 1352 1709 1416 opponendo
1736 1350 2077 1416 processibus
2103 1351 2436 1402 eorumdem.

427 1436 536 1485 Nos
560 1447 764 1497 autem,
789 1435 1035 1501 predicto
1059 1446 1155 1484 tuo
1179 1435 1233 1484 in
1257 1436 1358 1485 hac
1381 1446 1538 1500 parte
1562 1435 1738 1485 ordini
1760 1435 2089 1496 deferentes,
2109 1454 2170 1484 ac
2195 1435 2438 1489 nolentes

423 1530 712 1585 propterea
748 1520 1065 1586 hujusmodi
1101 1519 1383 1585 negotium
1418 1520 1677 1585 c'uiquam
1712 1531 1868 1570 extra
1887 1520 2040 1569 illum
2077 1519 2436 1577 committere,

423 1604 737 1654 discretioni
773 1615 884 1666 tue,
923 1604 979 1654 in
1016 1604 1223 1654 virtute
1262 1615 1449 1655 sancte
1489 1604 1891 1666 obedientie,et
1928 1606 2030 1654 sub
2068 1603 2438 1653 excommuni-

424 1689 652 1739 cationis
688 1700 742 1738 et
793 1689 1117 1754 privationis
1165 1688 1325 1750 officii
1373 1689 1475 1738 tibi
1526 1689 1801 1739 commissi
1849 1699 1905 1738 et
1952 1687 2318 1738 inhabilitatis
2367 1688 2434 1738 ad

423 1773 604 1823 omnia
631 1773 734 1823 alia
762 1773 935 1824 officia
961 1784 1016 1823 et
1041 1773 1547 1825 administrationes
1589 1773 1889 1823 obtinenda
1929 1774 1983 1823 in
2024 1773 2209 1823 ordine
2250 1790 2435 1838 supra·

421 1856 570 1907 dicto
606 1857 777 1923 penis,
815 1877 951 1923 quas
987 1869 1040 1907 te
1075 1858 1346 1907 incurrere
1383 1859 1637 1908 volumus
1672 1858 1790 1929 ipso
1826 1859 1992 1919 facto,
2030 1858 2073 1907 si
2109 1858 2434 1907 mandatum

422 1941 740 2007 hujusmodi
768 1960 877 1992 non
910 1941 1128 1992 duxeris
1159 1942 1593 2007 adimplendum,
1626 1942 1873 1992 districte
1903 1942 2252 2008 precipiendo
2286 1960 2433 1991 man-

419 2026 614 2075 damus
644 2026 905 2091 quatinus
935 2027 1212 2091 prefatum
1240 2027 1582 2076 Bernardum
1612 2037 1789 2088 caute,
1819 2037 1880 2076 ut
1907 2026 2020 2092 ipse
2049 2026 2103 2076 id
2132 2025 2430 2091 presentire

418 2127 527 2159 non
558 2109 747 2175 possit,
780 2111 1238 2175 comprehendere
1269 2120 1324 2159 et
1354 2111 1455 2160 sub
1488 2111 1596 2160 fida
1629 2110 1896 2172 custodia,
1929 2121 2203 2176 quantum
2231 2109 2286 2159 id
2319 2108 2430 2159 fieri

418 2195 702 2243 commode
736 2194 958 2259 poterit,
993 2195 1061 2245 ad
1094 2205 1341 2244 nostram
1375 2194 1708 2259 presentiam
1740 2194 2013 2245 destinare
2047 2212 2319 2260 procures,
2353 2193 2428 2244 ita

417 2278 563 2342 quod
601 2277 756 2328 nobis
797 2279 880 2327 vel
917 2278 1214 2328 camerario
1250 2289 1439 2328 nostro
1475 2279 1834 2344 personaliter
1869 2289 2240 2345 presentetur;
2279 2296 2428 2328 man-

414 2363 608 2413 datum
644 2373 894 2412 nostrum
928 2363 984 2412 in
1019 2364 1119 2413 hac
1155 2374 1309 2428 parte
1345 2362 1529 2414 taliter
1562 2363 1889 2429 impleturus
1927 2364 2073 2429 quod
2109 2382 2218 2412 non
2253 2363 2425 2413 solum

416 2466 581 2513 penas
632 2448 904 2514 predictas
955 2448 1143 2510 evites,
1197 2449 1289 2498 sed
1340 2449 1405 2497 de
1456 2448 1768 2500 obedientia
1820 2448 2193 2499 commendari
2242 2447 2425 2514 potius

413 2531 685 2582 merearis.
723 2561 791 2567 -
826 2533 1035 2582 Datum
1071 2530 1318 2598 Viterbii,
1340 2531 1551 2582 decimo
1587 2543 1742 2582 sexto
1778 2533 2040 2583 kalendas
2076 2531 2222 2594 maii,
2244 2531 2422 2598 ponti·

414 2617 608 2666 ficatus
649 2616 822 2666 nostri
864 2634 1006 2666 anno
1049 2616 1242 2682 primo.

468 2834 507 2874 1.
543 2834 672 2874 Frere
709 2834 1132 2887 Pierre-Raymond
1166 2835 1221 2875 de
1270 2834 1655 2888 Saint-Romain,
1705 2836 1776 2876 elu
1825 2836 2072 2890 provincial
2107 2834 2419 2888 d’Aquitaine‚

407 2919 461 2944 cn
497 2905 624 2956 1304,
646 2904 875 2946 succedait
895 2906 1006 2946 dans
1042 2912 1160 2946 cette
1197 2907 1359 2960 charge
1397 2907 1422 2946 a
1457 2906 1570 2948 frere
1607 2907 1848 2960 Raymond
1886 2907 2079 2961 Rigaud.
2118 2907 2182 2947 La
2203 2907 2323 2946 bulle
2358 2907 2413 2946 de

405 2975 568 3016 Benoit
601 2975 670 3015 XI
693 2975 766 3015 fut
788 2976 1018 3028 presentee
1041 2977 1066 3016 a
1090 2976 1183 3017 l’un
1215 2990 1274 3016 ou
1305 2977 1510 3017 al'autre
1541 2978 1595 3018 de
1628 2991 1697 3018 ces
1729 2977 1956 3030 religieux,
1991 2977 2144 3018 Othon
2177 2977 2231 3017 de
2264 2976 2416 3028 Pavie,

404 3044 697 3098 L’Aquitaine
728 3045 996 3099 seraphique,
1028 3046 1174 3099 Auch,
1207 3047 1336 3099 1900,
1370 3054 1403 3087 t.
1439 3061 1469 3099 1,
1489 3062 1531 3101 p.
1565 3047 1781 3100 141,248.

465 3115 503 3155 2.
538 3115 737 3156 Bernard
763 3115 1008 3167 DelicieuX‚
1031 3117 1086 3156 ne
1110 3116 1136 3156 a
1159 3116 1458 3170 Montpellier,
1482 3124 1611 3157 entra
1634 3131 1690 3158 en
1712 3118 1825 3159 1288
1850 3119 1956 3159 chez
1986 3119 2046 3159 les
2071 3119 2203 3158 freres
2222 3117 2416 3158 mineurs

404 3193 450 3225 et
475 3200 527 3225 ne
558 3186 687 3226 tarda
716 3200 796 3239 pas
825 3186 851 3225 a
879 3185 1062 3226 devenir
1088 3186 1183 3227 l'un
1211 3187 1287 3227 des
1315 3188 1535 3228 membres
1563 3188 1624 3228 les
1653 3188 1753 3242 plus
1783 3203 1837 3228 en
1866 3202 1952 3229 vue
1981 3189 2036 3228 de
2078 3188 2252 3228 l’ordre.
2285 3187 2411 3228 Doue

403 3255 538 3295 d’une
556 3256 795 3309 eloquence
818 3256 1079 3308 fougueuse,
1097 3255 1126 3295 il
1144 3269 1300 3306 exerca
1326 3271 1413 3298 une
1437 3257 1656 3299 inssuence
1680 3258 1899 3312 profonde
1923 3273 1999 3299 sur
2013 3259 2074 3299 les
2091 3272 2271 3299 masses.
2291 3257 2360 3298 On
2377 3257 2415 3297 le

409 3325 476 3365 vit
492 3326 518 3365 a
548 3325 590 3366 la
622 3327 715 3366 tete
745 3327 800 3367 de
830 3325 1051 3379 plusieurs
1081 3334 1395 3367 mouvements
1427 3328 1681 3381 populaires
1700 3341 1754 3368 en
1773 3329 2056 3382 Languedoc.
2078 3329 2111 3368 Il
2130 3335 2209 3369 eut
2225 3326 2414 3368 maillea

404 3394 545 3448 partir
566 3409 674 3436 avec
697 3396 804 3437 trois
826 3410 964 3450 papes
986 3411 995 3440 :
1019 3397 1181 3436 Benoit
1202 3396 1286 3449 XI,
1309 3396 1512 3439 Clement
1530 3398 1568 3438 V
1591 3406 1637 3439 et
1657 3399 1772 3439 Jean
1794 3399 1957 3447 XXII;
1979 3398 2009 3439 il
2030 3398 2235 3452 conspira
2257 3404 2410 3439 contre

402 3465 442 3506 le
464 3465 528 3505 roi
551 3466 605 3506 de
629 3463 810 3518 France,
836 3473 881 3506 et
903 3473 1084 3507 surtout
1110 3466 1162 3506 fit
1184 3479 1270 3506 une
1294 3480 1447 3519 guerre
1470 3469 1688 3509 acharnee
1711 3469 1737 3508 a
1759 3468 2078 3522 l’Inquisition.

462 3536 683 3577 Plusieurs
722 3536 942 3577 incidents
982 3537 1166 3579 avaient
1204 3541 1438 3593 provoque
1476 3540 1641 3581 l’envoi
1681 3542 1742 3582 du
1782 3543 1962 3595 present
1999 3541 2190 3581 mandat
2227 3541 2407 3582 d’arret.

405 3606 620 3658 D’abord,
655 3606 694 3646 le
729 3610 882 3660 proces
916 3606 1104 3660 intente,
1140 3623 1195 3649 en
1227 3610 1356 3662 1300,
1391 3624 1473 3663 par
1509 3611 1685 3652 Nieolas
1720 3611 2016 3662 d'Abbeville,
2051 3611 2318 3664 inquisiteur
2350 3611 2404 3651 de

404 3675 717 3726 Carcassonne,
751 3677 777 3715 a
810 3677 852 3716 la
885 3678 1097 3718 memoire
1129 3679 1239 3719 d'un
1271 3679 1391 3719 riche
1424 3681 1658 3733 bourgeois
1692 3682 1746 3722 de
1780 3689 1898 3722 cette
1932 3681 2049 3733 ville,
2099 3681 2244 3721 Castel
2268 3681 2410 3721 Faure

404 3744 462 3797 (n.
491 3746 559 3797 21,
588 3754 692 3786 note
719 3746 776 3798 1).
806 3747 889 3788 Les
917 3748 1219 3801 franciscains,
1246 3750 1359 3790 dont
1384 3751 1423 3790 le
1450 3751 1672 3792 cimetiere
1700 3753 1876 3805 gardait
1902 3752 1964 3792 les
1990 3758 2127 3792 restes
2154 3752 2215 3792 du
2234 3751 2407 3802 desunt,

401 3815 571 3869 prii-ent
590 3816 707 3869 parti
728 3830 840 3868 pour
861 3816 919 3858 lui
943 3826 987 3858 et
1008 3820 1248 3860 choisirent
1266 3820 1464 3862 Bernard
1486 3822 1730 3874 Delicieux‚
1751 3823 1845 3863 leur
1863 3823 2045 3873 lecteur,
2066 3836 2180 3875 pour
2200 3822 2409 3862 defendre

2510 1858 2540 1894 .δῖ
