2540 4354
872 371 1161 422 αιιὲςοιιιε
1193 391 1251 424 xi
1955 371 2061 423 409

227 521 345 566 us,
382 502 640 570 quatinus
676 520 838 569 super
872 503 1142 569 premissis
1179 514 1293 555 tam
1330 507 1545 568 devote,
1583 517 1806 572 tamque
1843 505 2050 555 ferven-

89 576 140 648 1,
168 594 245 640 at
271 586 561 639 efficaciter
587 596 758 653 atque
786 585 1029 637 celeriter
1058 604 1166 638 non
1196 588 1369 638 solum
1399 588 1726 640 litteralibus
1755 586 2048 647 mandatis,

184 668 418 725 mcii·
455 679 512 721 et
549 669 930 721 executoribus
970 669 1325 733 ferventibus,
1379 672 1675 723 audacibus
1728 682 1785 722 et
1837 671 2051 722 devotis

129 749 359 807 dictu
397 762 580 820 partes
618 769 714 819 per
750 761 805 802 te
844 751 1144 815 mitt'endis,
1185 765 1347 819 prout
1385 765 1543 806 tanta
1584 754 1809 806 materia
1862 753 2048 819 exigit,

146 834 360 892 ubre
393 835 633 898 festines,
668 836 815 902 quod
849 834 1046 886 exinde
1080 845 1175 887 tua
1214 837 1641 903 multiplicentur
1676 836 1866 888 merita
1902 837 2049 903 apud

236 945 275 982 ,
313 928 374 971 et
411 917 726 990 preconium
766 917 908 984 regie
949 919 1255 970 devotionis
1299 921 1443 986 quod
1486 921 1797 986 predicatur
1836 920 1891 972 in
1935 918 2050 970 aliis

229 1001 404 1067 ιιι(α)
440 1000 497 1053 ιιι
532 1002 634 1054 hoc
673 1001 772 1053 Dei
820 1001 1057 1067 negotio,
1109 1003 1253 1068 quod
1306 1013 1498 1054 cuncta
1552 1002 1810 1069 precellit,
1860 1002 2049 1068 glorio-

132 1084 139 1090 ”
180 1144 185 1147 ,
214 1084 527 1139 extollatur.
558 1084 812 1137 Ceterum
841 1095 904 1135 ut
932 1102 1158 1150 regnum
1188 1085 1383 1151 ipsum,
1414 1086 1467 1136 in
1499 1104 1606 1152 quo
1636 1085 1880 1137 nonnulli
1908 1103 2048 1135 erro-

122 1157 139 1166 ’
194 1166 254 1221 in
288 1167 435 1220 dicta
477 1168 584 1220 fide
621 1168 886 1235 pullulare
924 1168 1198 1231 dicuntur,
1239 1169 1387 1219 omni
1425 1169 1547 1220 labe
1582 1187 1802 1220 erronea
1856 1185 2054 1234 expur-

148 1251 153 1253 ’
237 1250 628 1316 ,devotionem
654 1261 810 1304 tuam
836 1251 1191 1304 sollicitamus
1218 1264 1274 1303 et
1300 1271 1551 1318 rogamus
1593 1252 1876 1314 attentiuS,
1919 1269 2050 1316 qua-

183 1374 185 1376 -
266 1334 643 1403 inquisitorem
687 1334 910 1387 Francie
953 1336 1084 1386 velis
1126 1336 1195 1387 ad
1239 1346 1394 1386 tuam
1439 1336 1764 1401 presentiam
1806 1352 2049 1394 evocare,

132 1421 258 1490 'per
278 1435 402 1473 eum
430 1418 497 1470 de
523 1418 624 1470 hiis
652 1436 756 1485 que
781 1418 1020 1486 repperit
1046 1419 1101 1470 in
1128 1437 1223 1469 suo
1266 1418 1438 1469 officio
1480 1418 1714 1485 plenarie
1754 1415 2050 1478 informari,

122 1570 126 1571 ⁷
174 1518 335 1578 super
369 1499 471 1553 illis
511 1501 701 1554 offerre
739 1520 803 1554 ac
842 1513 1082 1569 prestare
1122 1514 1280 1554 tuum
1333 1502 1625 1552 auxilium
1646 1512 1702 1552 et
1754 1502 1997 1552 favorem
2038 1520 2050 1550 ι

123 1592 154 1653 ’ᾗ-
199 1622 204 1628 -
292 1586 488 1653 quibus
541 1586 863 1639 venerabilis
917 1587 1085 1638 frater
1138 1598 1362 1639 noster.
1438 1586 1720 1652 episcopus
1778 1584 2052 1644 Parisien„

190 1685 363 1737 nuper
386 1668 443 1721 in
467 1680 653 1722 nostra
679 1672 982 1722 constituto
1003 1672 1271 1738 presentia
1290 1671 1469 1736 aliqua
1499 1671 1564 1720 de
1590 1668 1859 1736 premissis
1885 1668 2050 1717 verbo

127 1751 448 1828 [ιι ιιιὶιὶιιιιιε
492 1764 586 1804 tue
632 1754 939 1806 celsitudini
983 1755 1263 1806 referenda
1311 1773 1404 1821 per
1447 1773 1589 1814 eum,
1635 1762 1690 1802 et
1747 1751 1850 1802 sibi
1907 1767 2050 1800 nunc

214 1862 236 1880 ··
283 1835 585 1902 scribimus,
621 1838 936 1889 sollicitabit
973 1839 1347 1890 celsitudinem
1386 1837 1725 1905 prelibatam.
1764 1835 2052 1884 ——Datum

189 1918 355 1983 «ιίιί,
392 1922 548 1973 nonis
588 1922 734 1985 maii,
773 1940 917 1974 anno
958 1922 1169 1990 quinto.

204 2510 207 2511 ⁷
241 2497 264 2511 ἱ
299 2533 397 2568 ue
420 2515 483 2588 ᾀο
508 2515 666 2568 Paris
691 2516 845 2579 νοςοίι
870 2516 902 2567 ὶ’
909 2516 1054 2567 ordre
1079 2516 1139 2566 de
1166 2525 1390 2565 remeare
1417 2514 1485 2563 les
1513 2513 1676 2562 lettres
1703 2510 1770 2560 ci·
1754 2511 1952 2559 -dessus
1980 2526 2051 2557 αιι

194 2580 480 2655 γεῘΕἰτιιιιικ
506 2610 552 2651 ct
578 2599 846 2652 d’insister
873 2603 1065 2666 aupres
1093 2598 1153 2650 de
1181 2598 1259 2650 lui
1288 2615 1421 2664 pour
1448 2614 1515 2663 qu
1518 2595 1578 2645 ’il
1605 2613 1669 2644 en
1695 2597 1893 2643 execute
1922 2602 1966 2641 et
1993 2610 2058 2642 en

204 2685 479 2746 &aaut
506 2683 561 2735 la
587 2693 782 2737 tenear.
815 2712 885 2720 —
916 2684 1087 2735 Meme
1118 2682 1264 2734 date.

421 2816 527 2871 ch.
553 2815 668 2871 Vae„
690 2823 725 2859 t.
749 2830 936 2870 ccxxxi,
959 2817 1033 2858 fol.
1058 2817 1133 2864 30;
1157 2813 1394 2867 Wadding,
1418 2813 1492 2853 loc.
1516 2811 1603 2863 cit„
1625 2826 1669 2852 n.
1694 2823 1780 2851 xm
1807 2806 2006 2862 (inae.)

179 2915 273 2977 ³7·
345 2936 475 2990 abili
521 2936 1033 3003 fratri..¹episcopo
1066 2934 1340 2995 Parisien„
1390 2933 1638 2987 salutem,
1688 2939 1789 2979 etc.
1841 2955 1906 2962 —·
1953 2926 2066 2978 Hiis

281 3056 301 3085 ,
332 3038 458 3074 cum
494 3021 552 3076 in
587 3030 777 3073 nostra
818 3020 971 3072 fuisti
1009 3018 1298 3086 presentia,
1340 3027 1432 3066 tue
1471 3012 1802 3064 fraternitati
1818 3028 2058 3063 narravi

198 3089 244 3113 ‘²
285 3121 440 3172 que
469 3105 625 3157 nobis
656 3115 814 3157 erant
844 3105 1035 3166 relata,
1069 3103 1135 3153 de
1170 3100 1352 3152 multis
1387 3097 1631 3149 hereticis
1679 3096 1734 3147 in
1783 3094 2060 3145 Delfinatu

312 3214 317 3231 ι
395 3188 754 3251 morantibus,
799 3198 857 3239 et
902 3187 970 3239 de
1015 3186 1202 3238 favore
1249 3182 1510 3234 nobilium
1558 3179 1690 3230 dicti
1738 3178 2063 3237 Destinatus,

184 3273 236 3346 '‘if-
230 3271 559 3332 tutabatur
584 3270 806 3333 eisdem,
836 3290 899 3323 ac
925 3270 1093 3322 etiam
1123 3269 1188 3319 de
1219 3264 1541 3331 negligentia
1573 3261 1755 3313 dilecti
1787 3260 1881 3311 filii
1908 3258 2059 3310 nobi-

183 3366 187 3367 ’
309 3355 749 3421 ..gubernatoris
793 3355 1100 3406 Delfinatus
1117 3351 1376 3409 eiusdem,
1420 3366 1528 3398 non
1584 3345 1821 3396 curantis
1878 3353 2065 3394 contra

205 3405 235 3505 ¹„
355 3438 617 3492 hereticos
668 3438 851 3491 favere
901 3437 1100 3488 dilecto
1156 3434 1263 3485 filio
1319 3429 1602 3481 Francisco
1669 3426 1867 3488 Borilli,
1922 3442 2069 3476 sacre

191 3510 261 3580 ’f
291 3546 347 3578 ψ-
386 3521 662 3588 magi-tro,
690 3520 1000 3588 inquisitori
1030 3517 1261 3570 heretice
1294 3511 1583 3581 pravitatis
1613 3511 1666 3561 in
1685 3510 1788 3560 illis
1818 3496 2067 3575 partibus

180 3595 421 3667 'tut03
453 3615 510 3656 et
543 3605 644 3657 tibi
677 3604 1064 3663 commisimus,
1102 3609 1263 3667 prout
1299 3597 1459 3657 nosti,
1497 3595 1642 3660 quod
1692 3592 1968 3643 carissimo
2015 3591 2069 3642 in

83 3766 85 3770 -
223 3726 464 3796 wedding
489 3750 505 3782 ι
530 3738 704 3784 omittit
728 3741 895 3796 rogis...
925 3738 1105 3782 actibus.
