2540 4354
438 375 559 407 xxx
596 357 601 361 ’
832 375 1118 407 BULLAIRE
1161 374 1235 405 DE
1279 356 1696 414 L'INQUISITION
1741 372 2060 415 FRANQAISE

431 487 581 542 1413.
618 520 687 528 —-
719 489 951 541 Guillem
987 491 1249 554 Segarra,
1284 487 1611 554 inquisiteur
1644 489 1736 539 des
1769 489 1863 538 iles
1898 488 2151 538 Baleares
2197 490 2272 553 (n.
2315 487 2439 555 335)

436 576 587 626 1417.
637 605 704 611 -
754 574 1006 636 Ρτᾶῐιροὶε
1057 575 1197 636 Sala,
1247 572 1574 637 inquisiteur
1622 570 1901 638 d’Aragon
1949 581 2003 621 et
2037 572 2111 622 du
2160 573 2338 621 comte
2376 571 2444 622 de

508 659 816 710 Roussillon
845 660 916 724 (n.
946 658 1086 723 337).

527 773 596 780 —
620 743 862 793 Bernard
894 743 1058 808 Moyl,
1088 740 1414 806 inquisiteur
1443 741 1508 790 de
1541 740 1852 791 Roussillon
1883 742 1955 807 (n.
1987 741 2128 806 335).

439 827 705 879 ...1420...
749 856 818 863 —
857 825 1094 876 Antoine
1137 826 1336 887 Murta,
1381 823 1666 874 maintenu
1707 841 1806 890 par
1849 824 2051 874 Martin
2095 826 2139 875 V
2183 826 2255 891 (n.
2315 823 2440 891 335)

502 915 531 962 ὲ
560 911 932 982 l’Inquisition
962 911 1026 960 de
1061 909 1386 959 Roussillon.

427 1096 488 1147 60
529 1093 883 1161 Inquisiteurs
913 1091 973 1142 de
1005 1091 1248 1153 PoitierS,
1270 1090 1329 1141 de
1352 1091 1520 1141 Tours
1561 1097 1606 1141 et
1651 1089 1711 1141 de
1757 1092 2017 1157 Bretagne
2052 1092 2180 1158 (ord.
2215 1093 2438 1159 praed)

431 1237 582 1298 1317,
619 1235 769 1286 1325.
804 1263 873 1270 —
904 1233 1140 1283 Maurice
1174 1232 1238 1282 de
1274 1232 1595 1282 Saint-Paul
1629 1233 1701 1297 (n.
1739 1232 1820 1294 13,
1855 1232 1938 1294 31,
1973 1233 2056 1294 32,
2090 1233 2173 1295 46,
2208 1243 2335 1283 note
2369 1235 2439 1299 5).

432 1318 814 1371 ...1335-1343.
856 1345 925 1354 —-
963 1318 1102 1368 Jean
1143 1316 1390 1378 Aufroid,
1434 1335 1502 1366 ou
1542 1315 1748 1366 Aufred
1794 1339 1849 1357 =
1909 1317 2136 1383 Aujredi
2191 1319 2263 1383 (n.
2323 1318 2439 1381 143,

457 1405 753 1539 “2533-
789 1517 858 1523 —
888 1487 1048 1537 Alain
1067 1487 1324 1548 Thomas,
1345 1484 1544 1535 vicaire
1564 1486 1628 1535 de
1650 1487 1791 1537 Jean
1810 1485 2039 1536 Aufroid
2063 1507 2073 1537 :
2093 1505 2144 1538 n.
2169 1487 2433 1554 143,158.]

428 1574 580 1635 1343,
611 1573 762 1623 1344.
792 1601 860 1608 —
886 1571 1114 1622 Arnaud
1143 1571 1443 1621 Mandavin
1473 1573 1545 1637 (n.
1578 1571 1695 1633 187,
1727 1571 1865 1637 194).

619 1742 678 1792 7⁰
718 1740 1072 1808 Inquisiteurs
1113 1741 1246 1790 dans
1287 1742 1330 1791 le
1371 1740 1662 1807 Lyonnais,
1705 1741 1758 1790 la
1797 1741 2258 1803 Franche-Comte',

819 1842 872 1890 la
891 1841 1204 1904 Bourgogne
1228 1850 1272 1889 et
1298 1840 1350 1889 la
1375 1839 1630 1889 Lorraine
1658 1840 1785 1905 (ord.
1814 1839 2035 1905 praed).
2139 1844 2143 1848 ”

428 2004 627 2055 1298...
654 2032 722 2038 —
746 2002 849 2052 Gui
872 2003 936 2052 de
963 2001 1165 2063 Reims,
1190 2001 1517 2067 inquisiteur
1541 2002 1605 2051 de
1628 2003 1950 2066 Bourgogne
1977 2003 2048 2067 (n.
2090 2002 2173 2063 26,
2212 2013 2339 2052 note
2383 2003 2434 2068 2)

495 2098 667 2139 avant
707 2087 858 2137 1310.
898 2087 1094 2148 ——N...,
1134 2085 1461 2151 inquisiteur
1500 2087 1564 2136 (16
1586 2085 1858 2136 Lorraine.
1883 2086 2187 2152 Fredericq,
2224 2106 2306 2152 op.
2329 2088 2433 2150 cit„

491 2183 531 2224 t.
560 2193 595 2234 1,
622 2190 673 2237 p.
704 2172 820 2231 156,
853 2171 968 2221 159.

424 2257 558 2308 1310
598 2257 692 2322 (P),
735 2255 886 2306 1312.
927 2255 1232 2306 —Geraud
1273 2255 1971 2321 d’Auxonne‚inquisiteur
2009 2256 2101 2306 des
2142 2255 2429 2322 provinces

493 2342 558 2391 de
593 2341 748 2406 Lyon
779 2349 834 2389 et
866 2340 930 2389 de
963 2340 1246 2400 Besanoon
1281 2341 1353 2405 (n.
1388 2340 1436 2402 8,
1472 2341 1519 2402 9,
1557 2341 1661 2406 10).

422 2425 576 2486 1322,
620 2426 650 2488 †
689 2424 839 2475 1323.
879 2451 948 2460 —
984 2424 1161 2474 Pierre
1200 2425 1502 2488 Candelari,
1540 2425 1869 2491 inquisiteur
1906 2427 2041 2476 dans
2077 2427 2151 2476 les
2189 2426 2428 2477 dioceses

489 2511 554 2560 de
601 2510 773 2575 Lyon,
822 2509 1016 2558 Mficon
1061 2519 1115 2558 et
1162 2509 1457 2571 Clermont,
1502 2512 1724 2559 nomme
1768 2528 1867 2576 par
1925 2511 1972 2560 16
2018 2510 2320 2576 provincial
2365 2510 2430 2560 de

490 2594 710 2644 France.
747 2594 930 2642 Αηηέε
962 2593 1336 2655 dominicaine,
1373 2595 1546 2660 Lyon,
1569 2594 1720 2656 1900,
1755 2596 2082 2661 septembre,
2118 2615 2168 2661 p.
2203 2595 2287 2647 89.

424 2678 691 2729 ...1326...
721 2704 792 2713 ———
818 2676 985 2727 Garin
1011 2677 1076 2727 de
1102 2678 1226 2740 Bar,
1254 2677 1582 2744 inquisiteur
1609 2680 1744 2729 dans
1770 2679 1845 2729 les
1873 2679 2111 2730 dioceses
2139 2679 2203 2729 de
2230 2681 2430 2730 Besan-

489 2781 606 2824 9011,
643 2762 876 2823 Geneve,
913 2762 1218 2824 Lausanne,
1254 2762 1399 2825 Sion,
1434 2764 1587 2825 Toul,
1624 2764 1766 2812 Metz
1798 2774 1853 2813 et
1887 2764 2109 2814 Verdun
2142 2765 2214 2829 (n.
2250 2764 2355 2829 65).

421 2848 451 2911 †
482 2847 631 2898 1345.
662 2875 731 2882 -—
758 2845 1025 2911 Reginald
1054 2847 1118 2896 de
1150 2848 1431 2910 Rueesses,
1459 2847 1788 2914 inquisiteur
1815 2849 1880 2898 de
1924 2847 2198 2899 Lorraine.
2243 2848 2445 2910 Anne'e

489 2929 864 2992 dominicaine,
903 2930 1075 2995 Lyon,
1114 2930 1266 2993 1893,
1300 2931 1509 2996 juin‚p.
1549 2932 1665 2983 116.

382 3024 385 3026 ’
513 3044 582 3050 -
613 3014 764 3065 1356.
799 3042 867 3049 —
899 3014 1038 3063 Jean
1071 3015 1136 3064 de
1169 3017 1350 3078 Fonte,
1384 3015 1712 3082 inquisiteur
1744 3017 1809 3066 de
1844 3017 2119 3079 Lorraine,
2151 3017 2329 3067 releve
2360 3017 2425 3067 de

488 3117 569 3150 ses
612 3098 886 3149 fonctions
931 3099 1093 3164 parle
1136 3099 1441 3165 provincial
1484 3101 1549 3150 de
1571 3101 2423 3167 Franco.Reiehert,Actacapit.

488 3183 711 3249 general.
750 3182 856 3232 ord.
894 3182 1144 3247 praedio„
1181 3194 1220 3234 t.
1260 3204 1319 3246 11,
1358 3204 1408 3250 p.
1448 3185 1566 3235 374.

419 3268 687 3318 ...1364...
722 3294 791 3302 ——
821 3267 961 3316 Jean
995 3267 1251 3318 Lemoine
1289 3292 1344 3310 =
1385 3269 1658 3332 Monachi‚
1692 3269 2020 3336 inquisiteur
2051 3271 2187 3321 dans
2218 3271 2267 3322 la
2302 3289 2422 3337 pro·

483 3352 637 3401 vince
665 3351 728 3400 de
755 3351 1037 3411 Besaneon
1065 3353 1136 3417 (n.
1166 3352 1307 3418 244).

416 3466 548 3486 ...—
579 3436 729 3485 1381.
763 3463 831 3470 —
862 3435 1064 3484 Martin
1096 3436 1414 3499 d’Amanee,
1447 3437 1773 3503 inquisiteur
1793 3440 1857 3488 de
1891 3438 2146 3490 Lorraine
2169 3441 2241 3504 (n.
2276 3439 2420 3507 316).

417 3519 567 3569 1398.
601 3518 811 3578 —N,..,
844 3516 1172 3581 inquisiteur
1203 3520 1338 3569 dans
1369 3521 1420 3570 la
1452 3521 1709 3585 province
1742 3522 1806 3570 de
1838 3522 2121 3583 Besanoon
2153 3528 2226 3589 (n.
2273 3522 2414 3586 329).

417 3604 602 3654 Avant
645 3602 796 3653 1420.
843 3633 911 3643 ——
936 3603 1075 3654 Jean
1118 3605 1366 3666 Brucelli,
1421 3606 1750 3671 inquisiteur
1790 3608 1926 3658 dans
1964 3609 2039 3658 les
2080 3608 2318 3658 dioceses
2351 3608 2417 3657 de

486 3689 783 3750 Besanoon,
807 3686 1042 3749 Geneve,
1067 3687 1374 3751 Lausanne,
1395 3690 1540 3753 Sion,
1563 3690 1716 3754 Toul,
1741 3692 1902 3753 Metz,
1925 3693 2164 3744 Verdun.
2211 3691 2421 3757 Ripoll,
2511 3743 2517 3748 ,

488 3792 570 3837 op.
627 3771 729 3832 cit„
756 3781 796 3821 t.
824 3790 883 3833 11,
913 3789 962 3836 p.
993 3771 1094 3822 644
1133 3791 1144 3837 ;
1175 3773 1417 3836 Hansen,
1446 3794 1529 3841 op.
1556 3774 1661 3839 cit„
1690 3793 1741 3840 p.
1770 3776 1887 3828 455.
