2540 4354
451 365 518 426 90
838 388 1120 418 BULLAIRE
1164 388 1237 418 DE
1280 369 1696 430 L’lNQtJlsl'rloN
1740 385 2059 429 FRANcAisE

511 751 650 802 Jean
674 751 858 801 XXII
885 751 1113 802 ordonna
1138 753 1170 802 ὰ
1196 750 1416 818 Γένέςαε
1441 752 1501 802 de
1527 750 1721 801 Lerida
1746 761 1791 801 et
1815 754 1848 801 ὰ
1873 749 2231 817 l’inquisiteur
2256 750 2444 802 d’Ara·

439 854 539 900 gon
570 835 630 885 de
662 846 890 885 remettre
922 853 1029 885 aux
1063 834 1236 885 mains
1269 835 1328 885 de
1362 836 1502 885 Jean
1533 835 1593 885 de
1626 835 1858 897 Beaune,
1894 834 2211 901 inquisiteur
2243 835 2302 885 de
2321 836 2444 887 Car·

436 936 706 979 cassonne,
752 936 819 967 ou
862 918 921 967 de
963 935 1041 967 ses
1087 936 1228 982 gens,
1276 916 1456 968 Pierre
1499 928 1544 968 et
1589 918 1731 967 Jean
1775 917 1994 981 Maury,
2025 917 2085 967 de
2107 917 2443 981 Montaillou,

441 1002 673 1066 Esperte,
720 1011 764 1050 et
812 1000 1046 1063 Mathea,
1094 1001 1153 1050 de
1202 1001 1487 1063 Tarascon,
1535 1018 1606 1050 au
1649 1001 1849 1051 diocese
1893 1001 1952 1051 de
1999 1000 2258 1063 Pamiers,
2306 1002 2438 1052 Ῐιένά·

437 1085 603 1150 tiques
631 1084 843 1149 sugitiss
873 1084 1100 1150 re'sugie's
1129 1103 1192 1135 en
1221 1085 1456 1150 Aragon.
1490 1115 1558 1120 —
1587 1084 1858 1150 Avignon,
1889 1086 1920 1135 8
1949 1087 2246 1135 novembre
2293 1084 2440 1138 1323.

783 1218 889 1270 Reg.
929 1218 1044 1270 Vat.,
1080 1225 1114 1259 t.
1151 1232 1315 1271 Lxxvx,
1349 1218 1426 1259 fol.
1463 1219 1506 1271 2,
1541 1233 1583 1259 n.
1620 1219 1663 1269 4,
1697 1218 1748 1259 de
1797 1218 1954 1267 Curia3
2008 1225 2042 1259 t.
2093 1230 2208 1270 exn,
2254 1232 2298 1261 n.
2341 1219 2446 1271 822;

727 1289 900 1341 Mollat‚
921 1302 990 1351 op.
1021 1288 1106 1340 cit„
1128 1303 1170 1331 n.
1191 1287 1330 1331 20315
1354 1289 1520 1345 (anal.).

509 1410 818 1462 Venerabili
851 1409 1084 1463 fratri..¹
1122 1409 1376 1475 episcopo
1421 1410 1668 1472 Ilerden.,
1719 1418 1775 1460 et
1810 1410 2009 1461 dilecto
2055 1410 2229 1464 filio„22
2268 1411 2443 1478 inqui·
2507 1451 2518 1474 .-

435 1496 591 1548 sitori
636 1495 871 1546 heretice
916 1494 1211 1562 pravitatis
1255 1494 1311 1544 in
1371 1492 1620 1560 partibus
1678 1494 1830 1560 regni
1862 1495 2178 1561 Aragonum
2209 1495 2442 1547 auctori·
2511 1495 2516 1499 ’

435 1594 550 1632 tate
572 1579 871 1647 apostolica
892 1581 1179 1646 deputato.
1200 1609 1268 1617 -—
1287 1579 1631 1644 Significavit
1650 1579 1806 1629 nobis
1827 1579 2056 1630 dilectus
2080 1580 2220 1630 filius
2243 1579 2444 1631 Johan-

434 1686 527 1716 nes
563 1668 626 1716 de
660 1666 828 1715 Belna
863 1663 901 1730 ³,
936 1664 1139 1715 ordinis
1172 1664 1408 1715 fratrum
1442 1662 2179 1732 predicatorum‚inquisitor
2212 1665 2442 1715 heretice

435 1750 727 1818 pravitatis
766 1750 822 1799 in
862 1749 1112 1816 partibus
1154 1749 1481 1799 Carcassone
1537 1747 1868 1799 auctoritate
1923 1749 2224 1815 apostolica
2279 1750 2443 1816 depu-

437 1847 606 1899 tatus,
636 1836 781 1898 quod
812 1853 936 1884 cum
963 1832 1202 1898 legitime
1233 1833 1569 1884 constitisset
1598 1833 1772 1883 eidem
1806 1836 2029 1885 Petrum
2062 1845 2116 1884 et
2136 1835 2442 1884 Johannem

438 1919 690 1981 Maurini,
722 1920 786 1969 de
819 1917 1201 1971 Montealionis
1236 1917 1273 1979 4,
1303 1918 1507 1983 laycos,
1539 1929 1594 1967 et
1614 1919 1867 1984 Spertam
1886 1929 1941 1968 et
1961 1919 2259 1981 Matheam‚
2277 1918 2443 1985 ipsius
2499 1926 2502 1927 ’

439 2005 629 2071 Sperte
665 2003 851 2066 filiam,
886 2003 950 2052 de
984 2003 1287 2053 Tarascone
1324 2002 1362 2064 ⁵,
1395 2002 1621 2054 diocesis
1655 2002 2072 2068 Appamiarum,
2121 2002 2442 2053 detestabile

443 2089 645 2139 crimen
664 2087 863 2137 heresis
881 2087 1022 2137 infra
1042 2086 1303 2136 terminos
1329 2086 1703 2152 Inquisitionis
1725 2087 1868 2136 dicte
1888 2086 2182 2153 pravitatis
2202 2087 2443 2154 partium

437 2172 807 2240 predictarum
861 2172 1186 2222 Carcassone
1239 2171 1569 2223 horribiliter
1622 2170 1971 2234 commisisse,
2025 2171 2301 2238 predictus
2367 2169 2441 2223 in·

438 2257 667 2323 quisitor
699 2256 940 2322 prefatos
973 2255 1238 2306 hereticos
1271 2255 1533 2321 fugitivos
1565 2255 1585 2286 ⁶
1618 2267 1672 2305 et
1718 2256 1773 2306 in
1820 2256 2071 2322 partibus
2117 2253 2268 2321 regni
2314 2257 2440 2308 Ara-

439 2360 639 2407 gonum
668 2340 954 2391 latitantes
986 2340 1107 2406 capi
1136 2358 1230 2405 per
1260 2351 1470 2390 certum
1500 2360 1660 2391 suum
1690 2341 1758 2392 ad
1790 2342 1890 2390 hoc
1934 2342 2266 2407 deputatum
2309 2359 2440 2390 nun-

438 2426 579 2475 cium
611 2428 647 2487 ⁷,
678 2443 786 2474 non
817 2426 1021 2490 absque
1054 2424 1238 2475 multis
1269 2424 1518 2490 periculis
1549 2436 1603 2474 et
1633 2425 1882 2491 expensis
1913 2425 2075 2475 variis
2107 2425 2438 2492 procuravit,

438 2510 724 2575 dictusque
763 2509 992 2559 nuncius
1032 2509 1318 2574 dictosque
1358 2509 1473 2574 (sic)
1516 2511 1827 2560 Johannem
1868 2510 2117 2572 Maurini,
2157 2521 2211 2559 et
2253 2511 2438 2575 Esper-

440 2606 570 2655 tam,
604 2613 664 2643 ac
699 2594 977 2644 Matheam
1009 2593 1128 2655 tibi,
1161 2594 1330 2642 frater
1362 2594 1630 2660 episcope,
1665 2595 1985 2661 dictumque
2021 2597 2245 2645 Petrum
2292 2595 2436 2645 Mau-

434 2678 536 2729 rini
571 2678 692 2742 tibi,
731 2678 804 2728 fili
838 2677 1146 2745 inquisitor,
1182 2677 1414 2728 tradidit
1450 2679 1836 2730 custodiendos
1875 2679 2106 2729 fideliter
2139 2680 2309 2729 donec
2328 2696 2440 2745 pre·

435 2763 613 2813 dictus
664 2762 965 2827 inquisitor,
1006 2763 1587 2829 Carcassonen.·ipsos
1640 2764 1863 2813 duceret
1912 2764 2254 2830 repetendos.
2308 2763 2440 2814 Cum

435 2858 640 2909 autem,
690 2847 830 2897 sicut
877 2847 1046 2896 habet
1092 2845 1335 2896 eiusdem
1381 2846 1718 2913 inquisitoris
1768 2848 2150 2898 Carcassonen.
2200 2845 2440 2908 assertio,

435 2931 708 2981 dictorum
757 2930 1122 2980 hereticorum
1171 2931 1445 2996 presentia
1494 2931 1549 2980 in
1597 2931 1847 2997 partibus
1898 2916 2281 2983 Carcassonen.
2329 2948 2441 2997 pre·

435 3015 594 3065 dictis
632 3033 744 3065 esse
783 3026 1030 3080 speretur
1067 3016 1372 3065 orthodoxe
1414 3015 1540 3066 fidei
1576 3015 1875 3082 plurimum
1911 3016 2212 3077 fructuosa,
2251 3033 2346 3082 pro
2381 3033 2440 3064 co

437 3101 582 3165 quod
621 3099 663 3148 si
701 3099 987 3163 contingat
1024 3118 1112 3148 eos
1151 3101 1237 3149 vel
1274 3119 1462 3149 eorum
1499 3100 1709 3168 aliquos
1748 3110 2008 3166 operante
2048 3100 2221 3165 gratia
2259 3099 2440 3150 divina

434 3183 606 3234 redire
643 3184 711 3233 ad
747 3183 916 3249 ipsius
956 3183 1082 3233 fidei
1116 3183 1391 3236 unitatem
1426 3203 1520 3250 per
1553 3184 1699 3250 ipsos
1737 3185 2038 3235 multorum
2073 3184 2166 3250 qui
2214 3193 2342 3234 sunt
2388 3182 2442 3233 in

435 3268 637 3318 eisdem
674 3267 923 3333 partibus
961 3267 1254 3333 pravitatis
1292 3268 1533 3334 predicte
1570 3269 1840 3318 fermento
1876 3268 2106 3334 respersi
2168 3267 2443 3334 procurari

436 3353 619 3402 forsan
649 3353 716 3402 ad
751 3352 914 3400 fidem
944 3352 1274 3402 catholicam
1302 3353 1506 3419 poterit
1537 3353 1816 3403 conversio
1847 3352 2100 3403 salutaris
2130 3363 2184 3401 et
2217 3350 2440 3418 Inquisi-

438 3435 600 3485 tionis
639 3435 876 3485 officium
915 3447 1138 3501 propter
1175 3437 1276 3485 hoc
1313 3436 1522 3486 utiliter
1557 3436 1874 3487 informari:
1914 3438 2023 3486 Nos
2062 3436 2155 3502 qui
2175 3437 2242 3486 ad
2263 3435 2440 3485 huius-

439 3520 586 3568 modi
627 3519 751 3568 fidei
789 3520 1069 3582 negotium
1107 3539 1173 3569 ex
1210 3521 1507 3586 apostolice
1545 3522 1731 3571 debito
1771 3521 2052 3571 servitutis
2090 3521 2354 3571 afficimur
2389 3529 2441 3568 et

439 3615 497 3651 ut
538 3605 800 3668 procedat
838 3623 1091 3669 prospere
1131 3605 1562 3655 desiderabiliter
1600 3607 1940 3667 affectamus,
1995 3604 2306 3654 discretioni
2356 3622 2440 3652 ve·

439 3698 612 3736 stre...
659 3689 984 3736 mandamus
1027 3689 1287 3753 quatinus
1330 3690 1602 3754 predictos
1645 3691 1955 3739 Johannem
1996 3700 2050 3737 et
2072 3692 2310 3750 Petrum,
2353 3685 2439 3752 qui

439 3769 492 3819 in
532 3770 733 3820 eisdem
775 3772 1022 3836 partibus
1065 3774 1448 3825 Carcassoncn.
1492 3774 1662 3823 multa
1705 3773 1979 3824 horribilia
2037 3784 2223 3822 contra
2283 3773 2440 3823 sidem
