2540 4354
964 417 1175 452 annon-r
1215 419 1298 452 xu
2023 393 2124 448 225

61 574 69 585 .
144 530 312 583 sibilis
340 541 436 584 tua
464 531 527 597 si,
556 534 700 599 quod
727 532 891 596 absit,
917 532 1271 583 interveniret
1298 531 1639 597 negligentia,
1667 529 1921 580 existeret
1938 528 1992 578 in
2019 530 2120 579 hac

144 623 298 681 parte
348 624 507 666 tuum
559 616 793 666 officium
845 615 982 667 circa
1037 615 1422 682 perquirendos
1474 614 1755 679 diligenter
1804 622 1859 662 et
1894 610 2122 662 fideliter

59 703 64 708 “
143 697 320 748 dictos
372 698 654 762 hereticos,
707 717 771 750 ac
795 698 1084 765 capiendos
1109 709 1166 748 et
1187 698 1753 764 puniendosvexercere
1771 694 1953 746 solerti
1971 692 2120 743 adhi=

147 777 262 830 bita
279 779 555 846 diligentia
574 798 683 831 non
702 781 976 844 omittens,
1009 782 1218 832 dilectis
1254 781 1373 832 filiis
1410 780 1816 846 inquisitoribus
1841 777 1863 808 ²
1891 777 2121 827 heretice

138 862 429 930 pravitatis
482 865 814 916 auctoritate
867 865 1166 931 apostolica
1237 864 1517 930 deputatis
1585 864 1639 913 in
1706 861 1807 912 illis
1876 860 2124 927 partibus

136 945 391 997 assistere
434 965 595 1013 super
637 946 736 998 hiis
779 958 942 1015 prout
982 948 1052 999 ad
1095 948 1237 1014 ipsos
1282 946 1601 1013 pertinuerit
1642 946 1861 1019 studeas
1892 942 2125 1006 auxiliis,

139 1028 375 1080 consiliis
408 1040 463 1080 et
497 1030 776 1082 favoribus
811 1032 1112 1097 oportunis.
1149 1060 1217 1067 —
1251 1031 1455 1081 Datum
1491 1027 1760 1090 Avinioni,
1813 1045 1910 1077 xvi
1946 1025 2126 1077 kalen-

79 1104 81 1106 ’
137 1111 235 1163 das
274 1110 410 1176 iulii,
449 1131 592 1165 anno
632 1113 821 1181 primo.

72 1277 76 1280 =-
196 1250 238 1292 1.
268 1250 440 1304 Aymar
458 1253 513 1294 de
533 1253 574 1294 la
596 1253 769 1304 Voulte·
794 1255 955 1308 prevot
973 1255 1028 1296 de
1047 1255 1211 1308 l’eglise
1231 1254 1392 1309 d’Apt;
1414 1256 1582 1307 eveque
1602 1254 1657 1294 de
1677 1252 1865 1305 Viviers,
1885 1251 1926 1292 le
1946 1251 2000 1292 16
2022 1250 2133 1292 aeut

140 1319 273 1369 182&
301 1321 516 1363 transfere
543 1323 569 1363 a
597 1322 788 1365 Valence
816 1331 863 1365 et
890 1323 987 1377 Die,
1015 1324 1056 1365 le
1082 1325 1136 1365 22
1163 1324 1276 1366 avril
1303 1325 1435 1373 1331;
1465 1332 1525 1375 et,
1553 1324 1608 1364 de
1635 1336 1858 1373 nouveau‚
1884 1322 1911 1362 a
1938 1320 2130 1372 Viviers,
2207 1352 2214 1357 .

158 1402 183 1431 e
199 1389 254 1431 24
271 1389 447 1443 janvier
463 1391 596 1441 13:373
616 1400 736 1434 mort
754 1406 809 1434 en
827 1393 954 1435 1365.
982 1393 1092 1435 Gall.
1113 1394 1274 1446 christ„
1294 1401 1327 1435 t.
1349 1407 1447 1446 xvi,
1466 1393 1548 1434 col.
1569 1391 1668 1444 323,
1687 1391 1895 1439 574-575;
1915 1389 2132 1441 Albunea,

147 1457 257 1501 Gall.
279 1459 363 1502 chr.
388 1460 563 1515 noviss„
587 1469 619 1502 t.
645 1476 676 1515 1,
699 1462 780 1504 col.
803 1463 886 1504 300
912 1462 1021 1516 (23);
1048 1461 1204 1516 Euhel,
1224 1463 1365 1514 Hier„
1388 1471 1421 1504 t.
1446 1477 1477 1515 1,
1500 1476 1543 1516 p.
1567 1462 1665 1515 543,
1687 1462 1784 1503 565.

199 1528 240 1569 2.
273 1527 388 1570 L'un
411 1529 467 1571 de
490 1543 561 1572 ces
584 1530 872 1585 inquisiteurs
895 1532 1009 1573 &tait
1032 1531 1283 1574 Guillaume
1306 1533 1362 1574 de
1386 1532 1647 1580 Montrond;
1674 1546 1716 1571 n.
1742 1530 1841 1583 129,
1866 1537 1994 1570 notes
2019 1529 2063 1580 3,
2086 1527 2128 1571 4.

953 1927 1298 1987 -149-

217 2090 266 2141 Α
312 2090 365 2141 la
406 2087 1051 2142 demandedeGuillaume
1095 2089 1155 2139 de
1202 2089 1503 2151 Montrond,
1552 2089 1864 2155 inqui-silem·
1893 2090 1952 2140 de
2000 2091 2128 2141 Pro-

23 2205 26 2215 ι
107 2180 113 2182 ’
159 2200 178 2208 ·’
205 2190 311 2236 nce,
341 2174 386 2223 le
413 2191 550 2239 pape
576 2173 802 2223 ordonna
829 2190 936 2223 aux
963 2174 1171 2238 prelats,
1201 2192 1308 2223 aux
1336 2171 1692 2239 inquisitam,
1722 2191 1829 2222 aux
1857 2173 2129 2237 seigneur-s

24 2316 30 2334 ‚
135 2257 414 2323 temporale
449 2267 494 2306 et
528 2274 635 2306 aux
669 2256 813 2306 villos
847 2244 920 2306 de*
942 2255 1252 2306 Lombardie
1285 2256 1346 2306 de
1380 2274 1432 2305 se
1466 2260 1632 2321 preter
1665 2259 1698 2305 ὰ
1732 2256 1785 2305 la
1819 2267 2029 2321 capture
2063 2257 2124 2307 de

119 2338 368 2390 aenaim
396 2338 676 2406 he're'tiques
704 2338 764 2389 de
792 2338 1151 2390 l‘Embrunois
1180 2351 1225 2390 et
1254 2339 1479 2390 &autres
1507 2342 1730 2389 contre'es
1759 2339 1819 2389 de
1850 2339 2121 2403 Provence,

119 2421 373 2489 refugies
405 2440 477 2473 au
506 2422 622 2473 dela
651 2422 739 2473 des
772 2423 951 2489 Alpes.
986 2452 1055 2459 ——
1087 2423 1356 2489 Avignon,
1394 2422 1458 2473 13
1490 2422 1626 2474 avril
1663 2422 1811 2473 1336.

483 2553 588 2608 Reg.
625 2553 739 2608 Vae„
770 2562 804 2596 t.
837 2567 997 2607 cxxxi,
1031 2554 1107 2596 fol.
1139 2569 1240 2607 xxx,
1271 2569 1314 2596 n.
1346 2555 1414 2597 65.

36 2674 46 2680 “
143 2699 161 2714 --
218 2671 622 2724 venerabilibus
663 2672 923 2724 fratribus
965 2673 1380 2739 archiepiscopis
1421 2683 1477 2723 et
1516 2673 1779 2740 episcopis
1822 2684 1878 2724 et
1918 2675 2127 2726 dilectis

39 2762 43 2769 ‘
204 2752 260 2798 ·”
320 2754 733 2822 inquisitoribus
785 2755 1017 2806 heretice
1071 2755 1380 2821 pravitatis,
1433 2774 1643 2806 necnon
1676 2756 1946 2807 nobilibus
2000 2758 2128 2808 viris

42 2873 55 2910 ,T
136 2847 172 2878 '·
219 2837 440 2889 ronibus
476 2847 533 2888 et
567 2838 800 2890 dominis
837 2839 1227 2905 temporalibus
1265 2839 1695 2906 quibuscumque
1732 2858 1795 2890 ac
1831 2842 2127 2891 communi·

0 2940 4 2959 ³
45 2938 54 2979 ’ζ
208 2918 356 2972 tibus
390 2930 447 2971 et
481 2921 929 2972 universitatibus
964 2922 1020 2972 in
1055 2922 1300 2988 partibus
1340 2922 1660 2972 Lombardie
1696 2923 2024 2973 constitutis.
2063 2953 2130 2959 —

147 3011 183 3042 *2'
236 3001 417 3070 posuit
468 3004 624 3055 nobis
677 3005 906 3055 dilectus
963 3006 1101 3055 filius
1143 3005 1458 3056 Guillelmus
1512 3006 1575 3054 de
1629 3006 2050 3056 Monterotundo
2090 3006 2126 3068 ¹,

183 3112 186 3126 1
245 3085 348 3137 inis
384 3087 617 3138 fratrum
656 3088 943 3150 minorum,
981 3088 1270 3154 inquisitor
1308 3088 1538 3138 heretice
1578 3088 1865 3154 pravitatis
1902 3089 1956 3138 in
2010 3103 2126 3155 pro·-

166 3165 326 3226 s⁴cia
362 3169 642 3220 Provincie
674 3171 1002 3221 auctoritate
1037 3171 1334 3238 apostolica
1370 3170 1846 3237 deputatus,'quod
1881 3172 2126 3222 nonnulli

187 3250 372 3322 retici
413 3253 753 3304 Ebredunen.
795 3264 850 3303 et
890 3253 1118 3305 aliarum
1159 3265 1428 3305 terrarum
1469 3254 1607 3304 infra
1651 3254 1984 3319 provinciam
2025 3254 2128 3305 sibi

71 3334 73 3339 '
148 3319 423 3398 iel-etam
456 3335 887 3399 consistentium,
921 3347 985 3387 ut
1018 3355 1208 3389 manus
1242 3337 1481 3388 eiusdem
1516 3336 1847 3402 inquisitoris
1866 3336 2129 3402 effugiant

156 3408 203 3481 ⁷..
230 3415 741 3483 mque-diffundant
788 3420 956 3471 lacius
1004 3420 1332 3487 dampnatos
1358 3436 1561 3470 errores
1610 3430 1665 3469 et
1697 3421 1923 3480 hereses,
1957 3438 2011 3469 se
2059 3419 2128 3469 ad

164 3565 169 3567 g
280 3510 334 3549 's
368 3510 578 3552 vestras
614 3502 793 3568 sepius
830 3503 1167 3553 transierunt
1202 3502 1383 3568 ibique
1421 3503 1674 3552 nituntur
1711 3512 1977 3567 tanquam
2015 3503 2130 3551 vul·

176 3582 342 3632 cule
382 3583 731 3636 demolientes
773 3586 988 3637 vineam
1035 3585 1253 3637 Domini
1296 3584 1538 3636 Sabahot
1581 3585 1816 3635 latitare.
1862 3586 1994 3635 Cum
2037 3603 2128 3635 au-

88 3685 89 3689 *
309 3665 564 3732 expediat
602 3666 736 3719 tales
775 3679 932 3719 notos
969 3669 1081 3719 fieri
1118 3678 1173 3718 et
1212 3669 1276 3718 de
1318 3659 1492 3718 medio
1536 3667 1795 3728 fidelium,
1835 3685 1899 3717 ne
1920 3684 2130 3732 gregem

91 3747 97 3777 3
163 3741 381 3801 ¹²·'mini
421 3765 544 3800 cum
586 3768 682 3801 sua
725 3768 994 3802 venenosa
1037 3751 1355 3817 contagione
1400 3749 1664 3811 inficiant,
1708 3749 1988 3815 extirpari,
2031 3769 2128 3801 vos

954 3859 1243 3894 BULLMRE
1265 3876 1304 3883 ·-
1326 3859 1344 3891 1
1365 3859 1387 3891 5
