2540 4354
436 378 536 431 144
825 397 1113 431 BULLMRE
1155 397 1231 429 DE
1273 375 1692 436 L’1NQu1s1'r10N
1737 372 2056 436 FizANcAlsE

433 514 696 567 sorcellerie,
717 513 768 555 ils
795 514 990 566 jeterent
1017 526 1087 553 ces
1115 513 1236 553 deux
1264 523 1564 565 personnages
1585 523 1639 549 en
1659 507 1826 562 prison,
1854 507 1950 548 leur
1968 507 2246 548 intenterent
2265 520 2326 546 un
2346 521 2443 560 pro-

437 588 508 627 ces
524 585 694 638 injuste
713 593 772 636 et,
804 587 934 638 apres
963 582 1092 625 avoir
1117 595 1222 632 recu
1244 583 1300 623 de
1321 594 1393 623 ces
1418 579 1717 622 malheureux
1746 579 1785 620 16
1813 585 2011 621 serment
2038 577 2170 631 qu’ils
2198 590 2254 618 ne
2282 577 2447 619 revele-

436 655 582 697 raient
610 657 635 695 a
664 668 884 708 personne
911 654 972 694 les
993 654 1206 706 procedes
1252 653 1366 693 dont
1391 651 1443 692 ils
1471 650 1657 692 avaient
1684 651 1754 690 ete
1783 649 2004 700 victimes,
2032 655 2078 688 et
2103 654 2287 689 surtout
2313 647 2444 700 qu'ils

435 724 808 778 n’appelleraient
827 738 908 777 pas
935 724 990 764 de
1017 723 1113 763 leur
1132 730 1359 773 sentence,
1386 721 1438 762 ils
1465 721 1525 761 les
1553 721 1907 761 condamnerent
1926 733 1985 759 au
2025 717 2379 769 bannissement,
2418 719 2444 759 ὲ

436 796 512 835 des
534 794 824 848 pelerinages,
850 794 875 833 a
902 794 979 834 des
1004 793 1160 846 jefines
1182 800 1228 833 et
1253 793 1279 832 a
1307 805 1395 832 une
1416 792 1606 831 amende
1625 791 1680 831 de
1699 790 1782 830 100
1802 789 1936 831 livres
1973 786 2146 843 parisis.
2184 787 2248 828 Le
2267 801 2398 842 pape,
2418 788 2444 830 ὲ

435 865 513 918 qui
540 865 600 905 les
621 865 741 904 deux
763 862 968 905 victimes
989 862 1178 904 avaient
1198 875 1397 913 recours,
1418 861 1573 914 exigea
1596 862 1673 901 des
1697 861 1817 901 deux
1839 860 1966 912 juges
1988 858 2032 900 la
2053 856 2212 898 remise
2228 856 2306 899 des
2327 864 2448 901 actes

434 935 488 975 de
510 934 552 974 la
576 933 836 987 procedure.

1288 1303 1367 1312 -.
1403 1268 1479 1328 90
1505 1273 1594 1312 ’.-

508 1434 579 1483 Le
614 1451 752 1498 pape
788 1434 902 1482 Ioue
939 1432 1111 1482 Henri
1147 1433 1206 1482 de
1243 1433 1499 1498 Chamay,
1540 1432 1859 1499 inquisiteur
1894 1432 1953 1481 de
1972 1432 2347 1492 Carcassonne‚
2387 1430 2445 1481 de

434 1517 786 1568 l'arrestation
829 1517 891 1566 de
932 1517 1067 1567 deux
1108 1517 1392 1583 here'tiques
1435 1517 1646 1568 italiens
1668 1534 1689 1580 ,·
1734 1516 1774 1567 il
1813 1516 2050 1582 l'engage
2091 1518 2123 1565 ὰ
2164 1516 2274 1565 leur
2313 1514 2446 1580 faire

431 1601 635 1666 justice.
673 1631 742 1637 ——
778 1601 1050 1667 Avignon,
1088 1601 1119 1651 6
1153 1601 1351 1652 sevrier
1388 1602 1539 1653 1330.
2179 1598 2185 1603 ³

779 1735 885 1788 Reg.
915 1735 1029 1787 Vat„
1054 1743 1086 1776 t.
1114 1749 1220 1788 cxv,
1245 1735 1320 1777 fol.
1345 1736 1429 1777 318
1455 1740 1521 1789 v0,
1543 1750 1585 1778 n.
1607 1736 1734 1778 1634.

517 1856 749 1906 Henrico
792 1857 856 1905 de
901 1857 1179 1921 Chamayo
1201 1855 1236 1918 ¹,
1281 1855 1482 1906 ordinis
1524 1856 1758 1906 fratrum
1802 1855 2228 1921 predicatorum,
2270 1853 2443 1920 inqui-

443 1941 595 1990 sitori
623 1940 855 1990 heretice
884 1939 1259 2006 pravitatisin
1288 1940 1537 2005 partibus
1559 1941 1941 1992 Carcassonen.
1964 1939 2297 1991 auctoritate
2317 1957 2442 2005 apo-

439 2025 628 2074 stolica
663 2025 950 2090 deputato.
984 2052 1054 2060 —-
1085 2023 1138 2074 Si
1171 2024 1456 2088 diligenter
1487 2024 1855 2074 intelleximus
1890 2042 1993 2090 que
2014 2042 2175 2090 super
2195 2023 2444 2089 captione

441 2109 656 2159 illorum
692 2110 926 2159 duorum
966 2108 1282 2159 Italicorum
1317 2127 1380 2159 ac
1415 2109 1751 2159 confessione
1785 2120 1839 2158 et
1858 2108 2286 2159 incarceratione
2306 2107 2442 2173 ipso·

436 2211 559 2242 rum
594 2193 752 2243 misse
787 2193 942 2243 nobis
977 2204 1071 2242 tue
1105 2193 1284 2243 littere
1321 2193 1697 2255 continebant,
1733 2193 1858 2243 inde
1907 2204 2064 2244 tuam
2119 2193 2439 2257 circumspe-

439 2288 586 2328 ctam
614 2278 955 2343 diligentiam
984 2277 1360 2343 multipliciter
1386 2277 1441 2327 in
1472 2277 1706 2327 Domino
1737 2278 2214 2339 commendantes;
2236 2287 2290 2326 et
2319 2275 2443 2342 quia

437 2363 503 2411 de
536 2362 636 2412 hiis
666 2381 829 2428 super
859 2362 1056 2429 quibus
1087 2363 1235 2428 apud
1266 2373 1321 2412 te
1350 2362 1519 2413 delati
1547 2373 1677 2413 sunt
1707 2362 1925 2412 novisse
1954 2374 2009 2412 te
2038 2362 2248 2428 plenius
2279 2361 2442 2411 credi-

440 2465 559 2497 mus
594 2446 906 2510 veritatem‚
943 2448 1197 2498 volumus
1233 2458 1288 2497 et
1322 2448 1502 2513 placet
1536 2446 1691 2497 nobis
1728 2448 1875 2513 quod
1911 2448 2116 2498 habens
2154 2464 2245 2512 pre
2281 2445 2444 2495 oculis

440 2532 618 2581 solum
645 2532 821 2583 Deum
846 2532 1098 2583 ordinare
1120 2531 1335 2582 iusticia
1361 2531 1612 2597 exigente
1637 2532 1784 2598 quod
1809 2531 2065 2598 expedire
2087 2531 2143 2580 in
2169 2531 2270 2581 hac
2294 2539 2444 2595 parte

436 2613 751 2681 cognoveris
780 2635 890 2667 non
918 2627 1236 2683 postponas.
1268 2645 1336 2651 —
1366 2616 1572 2667 Datum
1602 2614 1878 2678 Avinioni,
1923 2635 2025 2665 v111
2069 2615 2190 2664 idus
2233 2614 2442 2664 februa·

434 2701 515 2763 rii,
547 2720 690 2751 anno
722 2701 1153 2767 quartodecimo.

491 2842 530 2883 1.
565 2840 674 2883 Voir
699 2856 742 2884 n.
774 2843 844 2895 84,
872 2850 979 2884 note
1007 2843 1048 2885 1.

1290 3181 1598 3241 -91-

514 3346 585 3395 Le
619 3363 758 3411 pape
794 3345 1022 3396 ordonne
1058 3349 1089 3396 ὰ
1127 3346 1267 3396 Jean
1302 3346 1361 3395 de
1398 3345 1594 3407 Badas,
1635 3344 1952 3410 inquisiteur
1986 3343 2045 3392 de
2067 3341 2352 3401 Marseille,
2389 3338 2447 3389 de

444 3429 746 3495 s’insormer
783 3430 830 3479 si
869 3430 1121 3480 l'attentat
1159 3430 1376 3480 commis
1413 3449 1513 3495 par
1553 3448 1626 3479 ιιη
1665 3429 1864 3478 notaire
1901 3429 1972 3477 du
2010 3427 2206 3476 diocese
2243 3424 2445 3474 d’Arles

438 3525 482 3563 et
514 3532 574 3562 sa
604 3513 790 3579 femme
822 3526 991 3565 contre
1023 3516 1075 3565 la
1105 3533 1362 3580 personne
1394 3514 1453 3563 de
1481 3513 1784 3563 Guillaume
1802 3512 1886 3562 des
1909 3513 2081 3572 Bam,
2116 3510 2358 3574 seigneur
2387 3506 2445 3556 de

440 3598 612 3660 Berre,
641 3609 713 3647 est
739 3598 799 3648 de
825 3617 886 3649 sa
911 3603 1245 3664 compe'tence.
1277 3598 1338 3648 Si
1365 3598 1471 3660 oui,
1503 3598 1542 3647 il
1567 3597 1722 3647 deora
1748 3598 1858 3646 leur
1899 3595 2118 3645 intentet·
2162 3613 2233 3643 un
2272 3594 2444 3657 proces

437 3679 836 3745 cl'Inquisition.
869 3712 937 3718 -—
966 3682 1236 3748 Avignon‚
1271 3682 1335 3732 19
1364 3681 1560 3731 fevrier
1593 3680 1742 3731 1330.

784 3815 889 3868 Reg.
924 3816 1038 3869 Vae„
1067 3824 1101 3858 t.
1132 3830 1240 3868 cxv,
1268 3815 1344 3858 fol.
1374 3815 1458 3856 410
1489 3817 1555 3867 v0,
1584 3828 1627 3855 n.
1657 3813 1791 3863 2091;
1823 3812 1982 3864 Eubel,
2010 3826 2053 3854 n.
2084 3811 2166 3852 839
2191 3807 2358 3864 (anah).
