<?xml version="1.0" encoding="UTF-8"?>
<!DOCTYPE html PUBLIC "-//W3C//DTD XHTML 1.0 Transitional//EN"
    "http://www.w3.org/TR/xhtml1/DTD/xhtml1-transitional.dtd">
<html xmlns="http://www.w3.org/1999/xhtml" xml:lang="en" lang="en">
 <head>
  <title>
</title>
<meta http-equiv="Content-Type" content="text/html;charset=utf-8" />
  <meta name='ocr-system' content='tesseract 3.04.00' />
  <meta name='ocr-capabilities' content='ocr_page ocr_carea ocr_par ocr_line ocrx_word'/>
</head>
<body>
  <div class='ocr_page' id='page_1' title='image "./bullairedelinqui00cathuoft/bullairedelinqui00cathuoft_0512.png"; bbox 0 0 2540 4354; ppageno 0'>
   <div class='ocr_carea' id='block_1_1' title="bbox 488 337 2109 412">
    <p class='ocr_par' dir='ltr' id='par_1_1' title="bbox 488 337 2109 412">
     <span class='ocr_line' id='line_1_1' title="bbox 488 337 2109 412; baseline 0.002 -14"><span class='ocrx_word' id='word_1_1' title='bbox 488 345 590 398; x_wconf 81' lang='lat'><strong>418</strong></span> <span class='ocrx_word' id='word_1_2' title='bbox 697 337 705 341; x_wconf 40' lang='lat'><strong>‘</strong></span> <span class='ocrx_word' id='word_1_3' title='bbox 795 358 799 362; x_wconf 78' lang='grc'><strong>’</strong></span> <span class='ocrx_word' id='word_1_4' title='bbox 877 366 1164 402; x_wconf 65' lang='lat' dir='ltr'><strong>nnuman</strong></span> <span class='ocrx_word' id='word_1_5' title='bbox 1207 368 1282 402; x_wconf 77' lang='lat' dir='ltr'><strong>DE</strong></span> <span class='ocrx_word' id='word_1_6' title='bbox 1325 349 1745 411; x_wconf 66' lang='lat' dir='ltr'><strong>L’1NQms1‘1-10N</strong></span> <span class='ocrx_word' id='word_1_7' title='bbox 1789 365 2109 412; x_wconf 66' lang='lat' dir='ltr'><strong>FRANQMSE</strong></span> 
     </span>
    </p>
   </div>
   <div class='ocr_carea' id='block_1_2' title="bbox 394 482 2496 2407">
    <p class='ocr_par' dir='ltr' id='par_1_2' title="bbox 394 482 2496 2407">
     <span class='ocr_line' id='line_1_2' title="bbox 560 482 2496 550; baseline 0.004 -19"><span class='ocrx_word' id='word_1_8' title='bbox 560 482 769 532; x_wconf 87' lang='lat' dir='ltr'><strong>Dilecto</strong></span> <span class='ocrx_word' id='word_1_9' title='bbox 828 482 987 534; x_wconf 89' lang='lat' dir='ltr'><strong>filio..</strong></span> <span class='ocrx_word' id='word_1_10' title='bbox 1047 483 1400 550; x_wconf 86' lang='lat' dir='ltr'><strong>inquisitori¹</strong></span> <span class='ocrx_word' id='word_1_11' title='bbox 1443 484 1676 534; x_wconf 83' lang='lat' dir='ltr'><strong>heretice</strong></span> <span class='ocrx_word' id='word_1_12' title='bbox 1732 484 2024 550; x_wconf 89' lang='lat' dir='ltr'><strong>pravitatis</strong></span> <span class='ocrx_word' id='word_1_13' title='bbox 2079 484 2132 534; x_wconf 90' lang='lat' dir='ltr'><strong>in</strong></span> <span class='ocrx_word' id='word_1_14' title='bbox 2201 484 2496 550; x_wconf 68' lang='lat' dir='ltr'><strong>Arelatem,</strong></span> 
     </span>
     <span class='ocr_line' id='line_1_3' title="bbox 486 567 2495 632; baseline 0.003 -17"><span class='ocrx_word' id='word_1_15' title='bbox 486 567 717 632; x_wconf 90' lang='lat' dir='ltr'><strong>Aquen.,</strong></span> <span class='ocrx_word' id='word_1_16' title='bbox 763 567 1110 618; x_wconf 91' lang='lat' dir='ltr'><strong>Ebredunen.</strong></span> <span class='ocrx_word' id='word_1_17' title='bbox 1153 579 1208 618; x_wconf 92' lang='lat' dir='ltr'><strong>et</strong></span> <span class='ocrx_word' id='word_1_18' title='bbox 1251 569 1513 619; x_wconf 86' lang='lat' dir='ltr'><strong>Viennen.</strong></span> <span class='ocrx_word' id='word_1_19' title='bbox 1555 587 1618 619; x_wconf 87' lang='lat' dir='ltr'><strong>ac</strong></span> <span class='ocrx_word' id='word_1_20' title='bbox 1658 568 2036 619; x_wconf 86' lang='lat' dir='ltr'><strong>Tarantasien.</strong></span> <span class='ocrx_word' id='word_1_21' title='bbox 2082 568 2401 620; x_wconf 85' lang='lat' dir='ltr'><strong>civitatibus</strong></span> <span class='ocrx_word' id='word_1_22' title='bbox 2439 581 2495 621; x_wconf 89' lang='lat' dir='ltr'><strong>et</strong></span> 
     </span>
     <span class='ocr_line' id='line_1_4' title="bbox 483 650 2493 718; baseline 0.002 -18"><span class='ocrx_word' id='word_1_23' title='bbox 483 650 787 700; x_wconf 89' lang='lat' dir='ltr'><strong>diocesibus</strong></span> <span class='ocrx_word' id='word_1_24' title='bbox 832 669 894 701; x_wconf 89' lang='lat' dir='ltr'><strong>ac</strong></span> <span class='ocrx_word' id='word_1_25' title='bbox 939 652 1234 717; x_wconf 87' lang='lat' dir='ltr'><strong>provinciis</strong></span> <span class='ocrx_word' id='word_1_26' title='bbox 1279 653 1614 703; x_wconf 87' lang='lat' dir='ltr'><strong>auctoritate</strong></span> <span class='ocrx_word' id='word_1_27' title='bbox 1658 652 1959 718; x_wconf 86' lang='lat' dir='ltr'><strong>apostolica</strong></span> <span class='ocrx_word' id='word_1_28' title='bbox 2004 653 2293 718; x_wconf 87' lang='lat' dir='ltr'><strong>deputato,</strong></span> <span class='ocrx_word' id='word_1_29' title='bbox 2352 654 2493 704; x_wconf 88' lang='lat' dir='ltr'><strong>salu-</strong></span> 
     </span>
     <span class='ocr_line' id='line_1_5' title="bbox 482 735 2493 801; baseline 0.003 -19"><span class='ocrx_word' id='word_1_30' title='bbox 482 744 736 794; x_wconf 88' lang='lat' dir='ltr'><strong>tem‚etc.</strong></span> <span class='ocrx_word' id='word_1_31' title='bbox 788 763 856 769; x_wconf 94' lang='lat'>—</span> <span class='ocrx_word' id='word_1_32' title='bbox 904 735 1038 785; x_wconf 91' lang='lat' dir='ltr'><strong>Cum</strong></span> <span class='ocrx_word' id='word_1_33' title='bbox 1088 737 1230 786; x_wconf 85' lang='lat' dir='ltr'><strong>sicut</strong></span> <span class='ocrx_word' id='word_1_34' title='bbox 1290 737 1554 788; x_wconf 82' lang='lat' dir='ltr'><strong>relatibus</strong></span> <span class='ocrx_word' id='word_1_35' title='bbox 1620 737 1906 801; x_wconf 88' lang='lat' dir='ltr'><strong>fidedignis</strong></span> <span class='ocrx_word' id='word_1_36' title='bbox 1970 737 2216 786; x_wconf 85' lang='lat' dir='ltr'><strong>dolenter</strong></span> <span class='ocrx_word' id='word_1_37' title='bbox 2277 737 2493 788; x_wconf 86' lang='lat' dir='ltr'><strong>audivi-</strong></span> 
     </span>
     <span class='ocr_line' id='line_1_6' title="bbox 482 818 2486 886; baseline 0.002 -19"><span class='ocrx_word' id='word_1_38' title='bbox 482 837 618 880; x_wconf 89' lang='lat' dir='ltr'><strong>mus,</strong></span> <span class='ocrx_word' id='word_1_39' title='bbox 668 818 723 868; x_wconf 91' lang='lat' dir='ltr'><strong>in</strong></span> <span class='ocrx_word' id='word_1_40' title='bbox 771 819 1023 884; x_wconf 88' lang='lat' dir='ltr'><strong>partibus</strong></span> <span class='ocrx_word' id='word_1_41' title='bbox 1074 820 1371 883; x_wconf 64' lang='lat' dir='ltr'><strong>Arelaten„</strong></span> <span class='ocrx_word' id='word_1_42' title='bbox 1423 821 1655 886; x_wconf 68' lang='lat' dir='ltr'><strong>Aquom,</strong></span> <span class='ocrx_word' id='word_1_43' title='bbox 1710 820 2058 871; x_wconf 89' lang='lat' dir='ltr'><strong>Ebredunen.</strong></span> <span class='ocrx_word' id='word_1_44' title='bbox 2108 831 2163 870; x_wconf 87' lang='lat' dir='ltr'><strong>et</strong></span> <span class='ocrx_word' id='word_1_45' title='bbox 2228 820 2486 872; x_wconf 87' lang='lat' dir='ltr'><strong>Viennen.</strong></span> 
     </span>
     <span class='ocr_line' id='line_1_7' title="bbox 481 901 2489 971; baseline 0.002 -21"><span class='ocrx_word' id='word_1_46' title='bbox 481 901 792 965; x_wconf 88' lang='lat' dir='ltr'><strong>civitatum,</strong></span> <span class='ocrx_word' id='word_1_47' title='bbox 835 904 1118 954; x_wconf 88' lang='lat' dir='ltr'><strong>diocesum</strong></span> <span class='ocrx_word' id='word_1_48' title='bbox 1159 915 1215 954; x_wconf 91' lang='lat' dir='ltr'><strong>et</strong></span> <span class='ocrx_word' id='word_1_49' title='bbox 1255 904 1663 971; x_wconf 88' lang='lat' dir='ltr'><strong>provinciarum</strong></span> <span class='ocrx_word' id='word_1_50' title='bbox 1703 915 1759 954; x_wconf 91' lang='lat' dir='ltr'><strong>et</strong></span> <span class='ocrx_word' id='word_1_51' title='bbox 1801 915 2074 954; x_wconf 88' lang='lat' dir='ltr'><strong>certarum</strong></span> <span class='ocrx_word' id='word_1_52' title='bbox 2116 905 2345 955; x_wconf 87' lang='lat' dir='ltr'><strong>aliarum</strong></span> <span class='ocrx_word' id='word_1_53' title='bbox 2386 915 2489 955; x_wconf 91' lang='lat' dir='ltr'><strong>ter-</strong></span> 
     </span>
     <span class='ocr_line' id='line_1_8' title="bbox 479 986 2488 1055; baseline 0.003 -21"><span class='ocrx_word' id='word_1_54' title='bbox 479 1004 663 1036; x_wconf 90' lang='lat' dir='ltr'><strong>rarum</strong></span> <span class='ocrx_word' id='word_1_55' title='bbox 702 997 796 1036; x_wconf 91' lang='lat' dir='ltr'><strong>tue</strong></span> <span class='ocrx_word' id='word_1_56' title='bbox 839 988 1215 1054; x_wconf 90' lang='lat' dir='ltr'><strong>Inquisitionis</strong></span> <span class='ocrx_word' id='word_1_57' title='bbox 1254 989 1365 1039; x_wconf 91' lang='lat' dir='ltr'><strong>sint</strong></span> <span class='ocrx_word' id='word_1_58' title='bbox 1402 989 1661 1039; x_wconf 90' lang='lat' dir='ltr'><strong>nonnulle</strong></span> <span class='ocrx_word' id='word_1_59' title='bbox 1714 986 1945 1055; x_wconf 40' lang='lat' dir='ltr'><strong>persone,</strong></span> <span class='ocrx_word' id='word_1_60' title='bbox 1993 989 2278 1054; x_wconf 90' lang='lat' dir='ltr'><strong>utriusque</strong></span> <span class='ocrx_word' id='word_1_61' title='bbox 2330 1006 2488 1040; x_wconf 88' lang='lat' dir='ltr'><strong>sexus</strong></span> 
     </span>
     <span class='ocr_line' id='line_1_9' title="bbox 475 1071 2486 1140; baseline 0.002 -20"><span class='ocrx_word' id='word_1_62' title='bbox 475 1071 677 1121; x_wconf 88' lang='lat' dir='ltr'><strong>infecte</strong></span> <span class='ocrx_word' id='word_1_63' title='bbox 719 1073 949 1124; x_wconf 89' lang='lat' dir='ltr'><strong>diversis</strong></span> <span class='ocrx_word' id='word_1_64' title='bbox 992 1075 1264 1125; x_wconf 88' lang='lat' dir='ltr'><strong>erroribus</strong></span> <span class='ocrx_word' id='word_1_65' title='bbox 1308 1075 1544 1124; x_wconf 88' lang='lat' dir='ltr'><strong>heretice</strong></span> <span class='ocrx_word' id='word_1_66' title='bbox 1587 1073 1880 1140; x_wconf 88' lang='lat' dir='ltr'><strong>pravitatis</strong></span> <span class='ocrx_word' id='word_1_67' title='bbox 1922 1084 1979 1124; x_wconf 91' lang='lat' dir='ltr'><strong>et</strong></span> <span class='ocrx_word' id='word_1_68' title='bbox 2019 1075 2121 1124; x_wconf 89' lang='lat' dir='ltr'><strong>hoc</strong></span> <span class='ocrx_word' id='word_1_69' title='bbox 2162 1091 2230 1123; x_wconf 87' lang='lat' dir='ltr'><strong>ex</strong></span> <span class='ocrx_word' id='word_1_70' title='bbox 2271 1073 2486 1125; x_wconf 86' lang='lat' dir='ltr'><strong>defectu</strong></span> 
     </span>
     <span class='ocr_line' id='line_1_10' title="bbox 475 1156 2484 1224; baseline 0.003 -20"><span class='ocrx_word' id='word_1_71' title='bbox 475 1156 884 1221; x_wconf 82' lang='lat' dir='ltr'><strong>predicatorum</strong></span> <span class='ocrx_word' id='word_1_72' title='bbox 923 1159 1190 1209; x_wconf 83' lang='lat' dir='ltr'><strong>catholice</strong></span> <span class='ocrx_word' id='word_1_73' title='bbox 1227 1159 1488 1224; x_wconf 90' lang='lat' dir='ltr'><strong>puritatis</strong></span> <span class='ocrx_word' id='word_1_74' title='bbox 1526 1158 1620 1224; x_wconf 92' lang='lat' dir='ltr'><strong>qui</strong></span> <span class='ocrx_word' id='word_1_75' title='bbox 1654 1159 1710 1208; x_wconf 92' lang='lat' dir='ltr'><strong>in</strong></span> <span class='ocrx_word' id='word_1_76' title='bbox 1746 1158 1906 1208; x_wconf 87' lang='lat' dir='ltr'><strong>dictis</strong></span> <span class='ocrx_word' id='word_1_77' title='bbox 1943 1158 2193 1224; x_wconf 92' lang='lat' dir='ltr'><strong>partibus</strong></span> <span class='ocrx_word' id='word_1_78' title='bbox 2230 1176 2340 1208; x_wconf 90' lang='lat' dir='ltr'><strong>non</strong></span> <span class='ocrx_word' id='word_1_79' title='bbox 2374 1158 2484 1210; x_wconf 87' lang='lat' dir='ltr'><strong>fue-</strong></span> 
     </span>
     <span class='ocr_line' id='line_1_11' title="bbox 473 1242 2483 1309; baseline 0.002 -21"><span class='ocrx_word' id='word_1_80' title='bbox 473 1251 604 1290; x_wconf 90' lang='lat' dir='ltr'><strong>runt</strong></span> <span class='ocrx_word' id='word_1_81' title='bbox 638 1242 923 1304; x_wconf 89' lang='lat' dir='ltr'><strong>hactenus,</strong></span> <span class='ocrx_word' id='word_1_82' title='bbox 960 1261 1058 1293; x_wconf 86' lang='lat' dir='ltr'><strong>nec</strong></span> <span class='ocrx_word' id='word_1_83' title='bbox 1093 1253 1223 1293; x_wconf 89' lang='lat' dir='ltr'><strong>sunt</strong></span> <span class='ocrx_word' id='word_1_84' title='bbox 1257 1243 1427 1293; x_wconf 91' lang='lat' dir='ltr'><strong>etiam</strong></span> <span class='ocrx_word' id='word_1_85' title='bbox 1462 1243 1527 1292; x_wconf 94' lang='lat' dir='ltr'><strong>de</strong></span> <span class='ocrx_word' id='word_1_86' title='bbox 1563 1242 1822 1309; x_wconf 88' lang='lat' dir='ltr'><strong>presenti,</strong></span> <span class='ocrx_word' id='word_1_87' title='bbox 1856 1261 1955 1293; x_wconf 89' lang='lat' dir='ltr'><strong>nos</strong></span> <span class='ocrx_word' id='word_1_88' title='bbox 1990 1252 2175 1308; x_wconf 90' lang='lat' dir='ltr'><strong>partes</strong></span> <span class='ocrx_word' id='word_1_89' title='bbox 2210 1243 2354 1308; x_wconf 90' lang='lat' dir='ltr'><strong>ipsas</strong></span> <span class='ocrx_word' id='word_1_90' title='bbox 2388 1243 2483 1293; x_wconf 92' lang='lat' dir='ltr'><strong>hu-</strong></span> 
     </span>
     <span class='ocr_line' id='line_1_12' title="bbox 473 1324 2484 1393; baseline 0.002 -20"><span class='ocrx_word' id='word_1_91' title='bbox 473 1324 711 1376; x_wconf 91' lang='lat' dir='ltr'><strong>iusmodi</strong></span> <span class='ocrx_word' id='word_1_92' title='bbox 751 1328 1063 1393; x_wconf 54' lang='lat' dir='ltr'><strong>&gt;expurgari</strong></span> <span class='ocrx_word' id='word_1_93' title='bbox 1122 1327 1393 1378; x_wconf 90' lang='lat' dir='ltr'><strong>erroribus</strong></span> <span class='ocrx_word' id='word_1_94' title='bbox 1457 1324 1756 1392; x_wconf 83' lang='lat' dir='ltr'><strong>cupientes,</strong></span> <span class='ocrx_word' id='word_1_95' title='bbox 1835 1327 2150 1377; x_wconf 88' lang='lat' dir='ltr'><strong>discretioni</strong></span> <span class='ocrx_word' id='word_1_96' title='bbox 2225 1337 2318 1376; x_wconf 88' lang='lat' dir='ltr'><strong>tue</strong></span> <span class='ocrx_word' id='word_1_97' title='bbox 2392 1345 2484 1393; x_wconf 89' lang='lat' dir='ltr'><strong>per</strong></span> 
     </span>
     <span class='ocr_line' id='line_1_13' title="bbox 469 1410 2479 1478; baseline 0.002 -20"><span class='ocrx_word' id='word_1_98' title='bbox 469 1410 771 1474; x_wconf 87' lang='lat' dir='ltr'><strong>apostolica</strong></span> <span class='ocrx_word' id='word_1_99' title='bbox 829 1411 1032 1478; x_wconf 89' lang='lat' dir='ltr'><strong>scripta</strong></span> <span class='ocrx_word' id='word_1_100' title='bbox 1091 1412 1420 1462; x_wconf 82' lang='lat' dir='ltr'><strong>mandamus</strong></span> <span class='ocrx_word' id='word_1_101' title='bbox 1479 1411 1740 1477; x_wconf 90' lang='lat' dir='ltr'><strong>quatinus</strong></span> <span class='ocrx_word' id='word_1_102' title='bbox 1798 1411 2025 1461; x_wconf 88' lang='lat' dir='ltr'><strong>dilectos</strong></span> <span class='ocrx_word' id='word_1_103' title='bbox 2086 1411 2223 1461; x_wconf 88' lang='lat' dir='ltr'><strong>filios</strong></span> <span class='ocrx_word' id='word_1_104' title='bbox 2280 1411 2479 1477; x_wconf 87' lang='lat' dir='ltr'><strong>priores</strong></span> 
     </span>
     <span class='ocr_line' id='line_1_14' title="bbox 467 1494 2478 1561; baseline 0.001 -19"><span class='ocrx_word' id='word_1_105' title='bbox 467 1504 523 1542; x_wconf 88' lang='lat' dir='ltr'><strong>et</strong></span> <span class='ocrx_word' id='word_1_106' title='bbox 557 1494 835 1546; x_wconf 91' lang='lat' dir='ltr'><strong>ministros</strong></span> <span class='ocrx_word' id='word_1_107' title='bbox 868 1514 931 1546; x_wconf 88' lang='lat' dir='ltr'><strong>ac</strong></span> <span class='ocrx_word' id='word_1_108' title='bbox 963 1496 1325 1561; x_wconf 88' lang='lat' dir='ltr'><strong>provinciales</strong></span> <span class='ocrx_word' id='word_1_109' title='bbox 1359 1507 1414 1545; x_wconf 93' lang='lat' dir='ltr'><strong>et</strong></span> <span class='ocrx_word' id='word_1_110' title='bbox 1448 1497 1701 1546; x_wconf 85' lang='lat' dir='ltr'><strong>custodes</strong></span> <span class='ocrx_word' id='word_1_111' title='bbox 1734 1495 1970 1546; x_wconf 82' lang='lat' dir='ltr'><strong>fratrum</strong></span> <span class='ocrx_word' id='word_1_112' title='bbox 2003 1495 2205 1546; x_wconf 92' lang='lat' dir='ltr'><strong>ordinis</strong></span> <span class='ocrx_word' id='word_1_113' title='bbox 2239 1495 2478 1561; x_wconf 87' lang='lat' dir='ltr'><strong>predica-</strong></span> 
     </span>
     <span class='ocr_line' id='line_1_15' title="bbox 469 1580 2477 1645; baseline 0.001 -18"><span class='ocrx_word' id='word_1_114' title='bbox 469 1589 670 1640; x_wconf 88' lang='lat' dir='ltr'><strong>torum,</strong></span> <span class='ocrx_word' id='word_1_115' title='bbox 712 1580 1067 1631; x_wconf 89' lang='lat' dir='ltr'><strong>eremitarum</strong></span> <span class='ocrx_word' id='word_1_116' title='bbox 1108 1581 1286 1631; x_wconf 89' lang='lat' dir='ltr'><strong>saneti</strong></span> <span class='ocrx_word' id='word_1_117' title='bbox 1327 1580 1622 1645; x_wconf 87' lang='lat' dir='ltr'><strong>Augustini</strong></span> <span class='ocrx_word' id='word_1_118' title='bbox 1660 1590 1715 1629; x_wconf 94' lang='lat' dir='ltr'><strong>et</strong></span> <span class='ocrx_word' id='word_1_119' title='bbox 1757 1580 2164 1630; x_wconf 86' lang='lat' dir='ltr'><strong>carmelitarum</strong></span> <span class='ocrx_word' id='word_1_120' title='bbox 2205 1598 2267 1630; x_wconf 86' lang='lat' dir='ltr'><strong>ae</strong></span> <span class='ocrx_word' id='word_1_121' title='bbox 2308 1580 2477 1630; x_wconf 89' lang='lat' dir='ltr'><strong>mino·</strong></span> 
     </span>
     <span class='ocr_line' id='line_1_16' title="bbox 466 1664 2475 1730; baseline 0.001 -18"><span class='ocrx_word' id='word_1_122' title='bbox 466 1683 587 1713; x_wconf 90' lang='lat' dir='ltr'><strong>rum</strong></span> <span class='ocrx_word' id='word_1_123' title='bbox 625 1666 899 1716; x_wconf 89' lang='lat' dir='ltr'><strong>dictarum</strong></span> <span class='ocrx_word' id='word_1_124' title='bbox 937 1665 1250 1727; x_wconf 90' lang='lat' dir='ltr'><strong>civitatum,</strong></span> <span class='ocrx_word' id='word_1_125' title='bbox 1288 1665 1566 1715; x_wconf 87' lang='lat' dir='ltr'><strong>diocesum</strong></span> <span class='ocrx_word' id='word_1_126' title='bbox 1603 1676 1658 1714; x_wconf 89' lang='lat' dir='ltr'><strong>et</strong></span> <span class='ocrx_word' id='word_1_127' title='bbox 1694 1665 2102 1730; x_wconf 87' lang='lat' dir='ltr'><strong>provinciarum</strong></span> <span class='ocrx_word' id='word_1_128' title='bbox 2138 1683 2200 1715; x_wconf 89' lang='lat' dir='ltr'><strong>ac</strong></span> <span class='ocrx_word' id='word_1_129' title='bbox 2236 1664 2475 1730; x_wconf 87' lang='lat' dir='ltr'><strong>partium</strong></span> 
     </span>
     <span class='ocr_line' id='line_1_17' title="bbox 394 1738 2474 1816; baseline 0.001 -21"><span class='ocrx_word' id='word_1_130' title='bbox 394 1738 399 1744; x_wconf 46' lang='lat'>¹</span> <span class='ocrx_word' id='word_1_131' title='bbox 466 1748 772 1799; x_wconf 85' lang='lat' dir='ltr'><strong>vicinarum</strong></span> <span class='ocrx_word' id='word_1_132' title='bbox 809 1751 883 1816; x_wconf 86' lang='lat' dir='ltr'><strong>(a)</strong></span> <span class='ocrx_word' id='word_1_133' title='bbox 917 1768 987 1799; x_wconf 87' lang='lat' dir='ltr'><strong>ex</strong></span> <span class='ocrx_word' id='word_1_134' title='bbox 1019 1760 1178 1816; x_wconf 88' lang='lat' dir='ltr'><strong>parte</strong></span> <span class='ocrx_word' id='word_1_135' title='bbox 1210 1759 1400 1799; x_wconf 88' lang='lat' dir='ltr'><strong>nostra</strong></span> <span class='ocrx_word' id='word_1_136' title='bbox 1434 1749 1678 1814; x_wconf 88' lang='lat' dir='ltr'><strong>requiras</strong></span> <span class='ocrx_word' id='word_1_137' title='bbox 1712 1759 1768 1798; x_wconf 90' lang='lat' dir='ltr'><strong>et</strong></span> <span class='ocrx_word' id='word_1_138' title='bbox 1800 1749 1856 1799; x_wconf 89' lang='lat' dir='ltr'><strong>in</strong></span> <span class='ocrx_word' id='word_1_139' title='bbox 1889 1749 2098 1798; x_wconf 87' lang='lat' dir='ltr'><strong>virtute</strong></span> <span class='ocrx_word' id='word_1_140' title='bbox 2131 1759 2319 1800; x_wconf 83' lang='lat' dir='ltr'><strong>sancte</strong></span> <span class='ocrx_word' id='word_1_141' title='bbox 2351 1749 2474 1798; x_wconf 91' lang='lat' dir='ltr'><strong>obe-</strong></span> 
     </span>
     <span class='ocr_line' id='line_1_18' title="bbox 462 1833 2468 1900; baseline 0.001 -20"><span class='ocrx_word' id='word_1_142' title='bbox 462 1833 666 1883; x_wconf 89' lang='lat' dir='ltr'><strong>dientie</strong></span> <span class='ocrx_word' id='word_1_143' title='bbox 702 1835 928 1886; x_wconf 90' lang='lat' dir='ltr'><strong>mandes</strong></span> <span class='ocrx_word' id='word_1_144' title='bbox 964 1835 1168 1884; x_wconf 91' lang='lat' dir='ltr'><strong>eisdem</strong></span> <span class='ocrx_word' id='word_1_145' title='bbox 1204 1834 1351 1899; x_wconf 92' lang='lat' dir='ltr'><strong>quod</strong></span> <span class='ocrx_word' id='word_1_146' title='bbox 1386 1833 1583 1884; x_wconf 88' lang='lat' dir='ltr'><strong>fratres</strong></span> <span class='ocrx_word' id='word_1_147' title='bbox 1619 1851 1843 1883; x_wconf 91' lang='lat' dir='ltr'><strong>suorum</strong></span> <span class='ocrx_word' id='word_1_148' title='bbox 1877 1834 2165 1900; x_wconf 85' lang='lat' dir='ltr'><strong>[locorum]</strong></span> <span class='ocrx_word' id='word_1_149' title='bbox 2200 1844 2256 1882; x_wconf 91' lang='lat' dir='ltr'><strong>et</strong></span> <span class='ocrx_word' id='word_1_150' title='bbox 2290 1843 2468 1883; x_wconf 87' lang='lat' dir='ltr'><strong>custo-</strong></span> 
     </span>
     <span class='ocr_line' id='line_1_19' title="bbox 463 1917 2471 1984; baseline 0 -20"><span class='ocrx_word' id='word_1_151' title='bbox 463 1917 696 1980; x_wconf 87' lang='lat' dir='ltr'><strong>diarum,</strong></span> <span class='ocrx_word' id='word_1_152' title='bbox 730 1929 895 1984; x_wconf 91' lang='lat' dir='ltr'><strong>prout</strong></span> <span class='ocrx_word' id='word_1_153' title='bbox 915 1919 989 1968; x_wconf 92' lang='lat' dir='ltr'><strong>eis</strong></span> <span class='ocrx_word' id='word_1_154' title='bbox 1010 1919 1264 1981; x_wconf 88' lang='lat' dir='ltr'><strong>subsunt,</strong></span> <span class='ocrx_word' id='word_1_155' title='bbox 1284 1919 1339 1968; x_wconf 93' lang='lat' dir='ltr'><strong>in</strong></span> <span class='ocrx_word' id='word_1_156' title='bbox 1358 1919 1472 1982; x_wconf 85' lang='lat' dir='ltr'><strong>lege</strong></span> <span class='ocrx_word' id='word_1_157' title='bbox 1496 1918 1718 1968; x_wconf 91' lang='lat' dir='ltr'><strong>Domini</strong></span> <span class='ocrx_word' id='word_1_158' title='bbox 1741 1918 1983 1968; x_wconf 88' lang='lat' dir='ltr'><strong>eruditos</strong></span> <span class='ocrx_word' id='word_1_159' title='bbox 2004 1936 2067 1969; x_wconf 87' lang='lat' dir='ltr'><strong>ae</strong></span> <span class='ocrx_word' id='word_1_160' title='bbox 2087 1919 2375 1968; x_wconf 87' lang='lat' dir='ltr'><strong>honestate</strong></span> <span class='ocrx_word' id='word_1_161' title='bbox 2396 1917 2471 1983; x_wconf 63' lang='lat' dir='ltr'><strong>(b)</strong></span> 
     </span>
     <span class='ocr_line' id='line_1_20' title="bbox 462 2001 2467 2068; baseline 0 -18"><span class='ocrx_word' id='word_1_162' title='bbox 462 2001 576 2050; x_wconf 87' lang='lat' dir='ltr'><strong>vite</strong></span> <span class='ocrx_word' id='word_1_163' title='bbox 607 2013 662 2051; x_wconf 90' lang='lat' dir='ltr'><strong>et</strong></span> <span class='ocrx_word' id='word_1_164' title='bbox 694 2021 909 2052; x_wconf 90' lang='lat' dir='ltr'><strong>morum</strong></span> <span class='ocrx_word' id='word_1_165' title='bbox 942 2003 1217 2067; x_wconf 87' lang='lat' dir='ltr'><strong>gravitate</strong></span> <span class='ocrx_word' id='word_1_166' title='bbox 1250 2003 1570 2068; x_wconf 89' lang='lat' dir='ltr'><strong>conspicuos</strong></span> <span class='ocrx_word' id='word_1_167' title='bbox 1602 2013 1659 2051; x_wconf 90' lang='lat' dir='ltr'><strong>et</strong></span> <span class='ocrx_word' id='word_1_168' title='bbox 1691 2003 1996 2052; x_wconf 86' lang='lat' dir='ltr'><strong>orthodoxe</strong></span> <span class='ocrx_word' id='word_1_169' title='bbox 2033 2002 2160 2052; x_wconf 89' lang='lat' dir='ltr'><strong>fidei</strong></span> <span class='ocrx_word' id='word_1_170' title='bbox 2190 2002 2467 2062; x_wconf 88' lang='lat' dir='ltr'><strong>zelatores,</strong></span> 
     </span>
     <span class='ocr_line' id='line_1_21' title="bbox 458 2085 2465 2153; baseline 0 -18"><span class='ocrx_word' id='word_1_171' title='bbox 458 2086 690 2136; x_wconf 88' lang='lat' dir='ltr'><strong>scientes</strong></span> <span class='ocrx_word' id='word_1_172' title='bbox 719 2088 923 2138; x_wconf 92' lang='lat' dir='ltr'><strong>idioma</strong></span> <span class='ocrx_word' id='word_1_173' title='bbox 955 2088 1199 2153; x_wconf 88' lang='lat' dir='ltr'><strong>partium</strong></span> <span class='ocrx_word' id='word_1_174' title='bbox 1229 2087 1604 2153; x_wconf 87' lang='lat' dir='ltr'><strong>predictarum</strong></span> <span class='ocrx_word' id='word_1_175' title='bbox 1636 2087 1702 2152; x_wconf 87' lang='lat' dir='ltr'><strong>(c)</strong></span> <span class='ocrx_word' id='word_1_176' title='bbox 1734 2087 1803 2137; x_wconf 91' lang='lat' dir='ltr'><strong>ad</strong></span> <span class='ocrx_word' id='word_1_177' title='bbox 1834 2087 1923 2138; x_wconf 89' lang='lat' dir='ltr'><strong>illa</strong></span> <span class='ocrx_word' id='word_1_178' title='bbox 1953 2087 2197 2152; x_wconf 90' lang='lat' dir='ltr'><strong>ipsarum</strong></span> <span class='ocrx_word' id='word_1_179' title='bbox 2228 2085 2465 2152; x_wconf 89' lang='lat' dir='ltr'><strong>partium</strong></span> 
     </span>
     <span class='ocr_line' id='line_1_22' title="bbox 455 2168 2462 2236; baseline -0 -17"><span class='ocrx_word' id='word_1_180' title='bbox 455 2170 572 2221; x_wconf 84' lang='lat' dir='ltr'><strong>loca</strong></span> <span class='ocrx_word' id='word_1_181' title='bbox 615 2190 720 2236; x_wconf 91' lang='lat' dir='ltr'><strong>que</strong></span> <span class='ocrx_word' id='word_1_182' title='bbox 757 2172 831 2222; x_wconf 90' lang='lat' dir='ltr'><strong>eis</strong></span> <span class='ocrx_word' id='word_1_183' title='bbox 868 2171 1250 2233; x_wconf 89' lang='lat' dir='ltr'><strong>insinuaveris,</strong></span> <span class='ocrx_word' id='word_1_184' title='bbox 1290 2172 1553 2221; x_wconf 89' lang='lat' dir='ltr'><strong>studeant</strong></span> <span class='ocrx_word' id='word_1_185' title='bbox 1594 2171 1827 2220; x_wconf 81' lang='lat' dir='ltr'><strong>fideliter</strong></span> <span class='ocrx_word' id='word_1_186' title='bbox 1865 2170 2157 2233; x_wconf 89' lang='lat' dir='ltr'><strong>destinare,</strong></span> <span class='ocrx_word' id='word_1_187' title='bbox 2177 2170 2231 2220; x_wconf 91' lang='lat' dir='ltr'><strong>in</strong></span> <span class='ocrx_word' id='word_1_188' title='bbox 2250 2169 2351 2219; x_wconf 91' lang='lat' dir='ltr'><strong>illis</strong></span> <span class='ocrx_word' id='word_1_189' title='bbox 2394 2168 2462 2218; x_wconf 85' lang='lat' dir='ltr'><strong>ad</strong></span> 
     </span>
     <span class='ocr_line' id='line_1_23' title="bbox 453 2255 2454 2322; baseline 0 -19"><span class='ocrx_word' id='word_1_190' title='bbox 453 2265 614 2305; x_wconf 90' lang='lat' dir='ltr'><strong>tuum</strong></span> <span class='ocrx_word' id='word_1_191' title='bbox 649 2257 1058 2322; x_wconf 89' lang='lat' dir='ltr'><strong>beneplacitum</strong></span> <span class='ocrx_word' id='word_1_192' title='bbox 1092 2273 1475 2322; x_wconf 86' lang='lat' dir='ltr'><strong>permansuros</strong></span> <span class='ocrx_word' id='word_1_193' title='bbox 1508 2273 1571 2305; x_wconf 88' lang='lat' dir='ltr'><strong>ac</strong></span> <span class='ocrx_word' id='word_1_194' title='bbox 1604 2255 1999 2320; x_wconf 86' lang='lat' dir='ltr'><strong>predicaturos,</strong></span> <span class='ocrx_word' id='word_1_195' title='bbox 2049 2255 2287 2307; x_wconf 85' lang='lat' dir='ltr'><strong>maxime</strong></span> <span class='ocrx_word' id='word_1_196' title='bbox 2332 2271 2454 2303; x_wconf 86' lang='lat' dir='ltr'><strong>con-</strong></span> 
     </span>
     <span class='ocr_line' id='line_1_24' title="bbox 454 2337 2455 2407; baseline -0 -19"><span class='ocrx_word' id='word_1_197' title='bbox 454 2350 538 2390; x_wconf 91' lang='lat' dir='ltr'><strong>tra</strong></span> <span class='ocrx_word' id='word_1_198' title='bbox 573 2358 777 2391; x_wconf 87' lang='lat' dir='ltr'><strong>errores</strong></span> <span class='ocrx_word' id='word_1_199' title='bbox 813 2341 1073 2407; x_wconf 87' lang='lat' dir='ltr'><strong>prefatos,</strong></span> <span class='ocrx_word' id='word_1_200' title='bbox 1110 2340 1529 2390; x_wconf 88' lang='lat' dir='ltr'><strong>saluberrimum</strong></span> <span class='ocrx_word' id='word_1_201' title='bbox 1565 2340 1796 2389; x_wconf 92' lang='lat' dir='ltr'><strong>verbum</strong></span> <span class='ocrx_word' id='word_1_202' title='bbox 1834 2339 1949 2390; x_wconf 88' lang='lat' dir='ltr'><strong>Dei.</strong></span> <span class='ocrx_word' id='word_1_203' title='bbox 1987 2367 2055 2374; x_wconf 92' lang='lat'>—</span> <span class='ocrx_word' id='word_1_204' title='bbox 2091 2340 2297 2389; x_wconf 88' lang='lat' dir='ltr'><strong>Datum</strong></span> <span class='ocrx_word' id='word_1_205' title='bbox 2332 2337 2455 2387; x_wconf 87' lang='lat' dir='ltr'><strong>Avi-</strong></span> 
     </span>
    </p>
   </div>
   <div class='ocr_carea' id='block_1_3' title="bbox 449 2424 1416 2490">
    <p class='ocr_par' dir='ltr' id='par_1_3' title="bbox 449 2424 1416 2490">
     <span class='ocr_line' id='line_1_25' title="bbox 449 2424 1416 2490; baseline 0.001 -17"><span class='ocrx_word' id='word_1_206' title='bbox 449 2424 617 2487; x_wconf 92' lang='lat' dir='ltr'><strong>nioni,</strong></span> <span class='ocrx_word' id='word_1_207' title='bbox 653 2425 808 2475; x_wconf 91' lang='lat' dir='ltr'><strong>nonis</strong></span> <span class='ocrx_word' id='word_1_208' title='bbox 844 2425 990 2487; x_wconf 89' lang='lat' dir='ltr'><strong>maii,</strong></span> <span class='ocrx_word' id='word_1_209' title='bbox 1026 2443 1169 2475; x_wconf 91' lang='lat' dir='ltr'><strong>anno</strong></span> <span class='ocrx_word' id='word_1_210' title='bbox 1206 2425 1416 2490; x_wconf 87' lang='lat' dir='ltr'><strong>quint0.</strong></span> 
     </span>
    </p>
   </div>
   <div class='ocr_carea' id='block_1_4' title="bbox 502 2601 1384 2655">
    <p class='ocr_par' dir='ltr' id='par_1_4' title="bbox 502 2601 1384 2655">
     <span class='ocr_line' id='line_1_26' title="bbox 502 2601 1384 2655; baseline 0.001 -14"><span class='ocrx_word' id='word_1_211' title='bbox 502 2602 542 2642; x_wconf 88' lang='lat'><strong>1.</strong></span> <span class='ocrx_word' id='word_1_212' title='bbox 579 2602 788 2654; x_wconf 70' lang='lat' dir='ltr'><strong>Francois</strong></span> <span class='ocrx_word' id='word_1_213' title='bbox 814 2601 987 2651; x_wconf 87' lang='lat' dir='ltr'><strong>Borrel;</strong></span> <span class='ocrx_word' id='word_1_214' title='bbox 1014 2617 1057 2642; x_wconf 89' lang='lat' dir='ltr'><strong>n.</strong></span> <span class='ocrx_word' id='word_1_215' title='bbox 1085 2602 1185 2655; x_wconf 83' lang='lat'><strong>286,</strong></span> <span class='ocrx_word' id='word_1_216' title='bbox 1211 2609 1318 2643; x_wconf 87' lang='lat' dir='ltr'><strong>note</strong></span> <span class='ocrx_word' id='word_1_217' title='bbox 1343 2602 1384 2642; x_wconf 88' lang='lat'><strong>1.</strong></span> 
     </span>
    </p>
   </div>
   <div class='ocr_carea' id='block_1_5' title="bbox 1270 3015 1636 3078">
    <p class='ocr_par' dir='ltr' id='par_1_5' title="bbox 1270 3015 1636 3078">
     <span class='ocr_line' id='line_1_27' title="bbox 1270 3015 1636 3078; baseline 0.003 -17"><span class='ocrx_word' id='word_1_218' title='bbox 1270 3015 1636 3078; x_wconf 53' lang='lat'>„295-</span> 
     </span>
    </p>
   </div>
   <div class='ocr_carea' id='block_1_6' title="bbox 432 3177 2446 3421">
    <p class='ocr_par' dir='ltr' id='par_1_6' title="bbox 432 3177 2446 3421">
     <span class='ocr_line' id='line_1_28' title="bbox 514 3177 2446 3248; baseline -0.004 -11"><span class='ocrx_word' id='word_1_219' title='bbox 514 3184 628 3238; x_wconf 88' lang='lat' dir='ltr'><strong>Une</strong></span> <span class='ocrx_word' id='word_1_220' title='bbox 675 3180 988 3248; x_wconf 82' lang='lat' dir='ltr'><strong>indulgence</strong></span> <span class='ocrx_word' id='word_1_221' title='bbox 1027 3179 1087 3231; x_wconf 86' lang='lat' dir='ltr'><strong>de</strong></span> <span class='ocrx_word' id='word_1_222' title='bbox 1133 3189 1245 3231; x_wconf 82' lang='lat' dir='ltr'><strong>cent</strong></span> <span class='ocrx_word' id='word_1_223' title='bbox 1289 3181 1437 3246; x_wconf 75' lang='lat' dir='ltr'><strong>jour-s</strong></span> <span class='ocrx_word' id='word_1_224' title='bbox 1482 3191 1554 3230; x_wconf 83' lang='lat' dir='ltr'><strong>est</strong></span> <span class='ocrx_word' id='word_1_225' title='bbox 1598 3177 1835 3230; x_wconf 65' lang='lat' dir='ltr'><strong>accordee</strong></span> <span class='ocrx_word' id='word_1_226' title='bbox 1879 3196 1987 3230; x_wconf 70' lang='lat' dir='ltr'><strong>aux</strong></span> <span class='ocrx_word' id='word_1_227' title='bbox 2030 3197 2312 3246; x_wconf 69' lang='lat' dir='ltr'><strong>personne-3</strong></span> <span class='ocrx_word' id='word_1_228' title='bbox 2354 3177 2446 3246; x_wconf 78' lang='lat' dir='ltr'><strong>qui</strong></span> 
     </span>
     <span class='ocr_line' id='line_1_29' title="bbox 433 3264 2440 3333; baseline -0.004 -12"><span class='ocrx_word' id='word_1_229' title='bbox 433 3271 819 3321; x_wconf 84' lang='lat' dir='ltr'><strong>contribueront</strong></span> <span class='ocrx_word' id='word_1_230' title='bbox 867 3285 966 3333; x_wconf 86' lang='lat' dir='ltr'><strong>par</strong></span> <span class='ocrx_word' id='word_1_231' title='bbox 1014 3267 1153 3316; x_wconf 82' lang='lat' dir='ltr'><strong>leurs</strong></span> <span class='ocrx_word' id='word_1_232' title='bbox 1202 3265 1466 3330; x_wconf 65' lang='lat' dir='ltr'><strong>offrandes</strong></span> <span class='ocrx_word' id='word_1_233' title='bbox 1516 3268 1548 3314; x_wconf 85' lang='grc' dir='ltr'><em>ἁ</em></span> <span class='ocrx_word' id='word_1_234' title='bbox 1597 3265 1649 3314; x_wconf 87' lang='lat' dir='ltr'><strong>la</strong></span> <span class='ocrx_word' id='word_1_235' title='bbox 1697 3264 2048 3315; x_wconf 79' lang='lat' dir='ltr'><strong>construction</strong></span> <span class='ocrx_word' id='word_1_236' title='bbox 2110 3265 2170 3322; x_wconf 74' lang='lat' dir='ltr'><strong>de</strong></span> <span class='ocrx_word' id='word_1_237' title='bbox 2231 3264 2440 3330; x_wconf 73' lang='lat' dir='ltr'><strong>prison-3</strong></span> 
     </span>
     <span class='ocr_line' id='line_1_30' title="bbox 432 3349 2446 3421; baseline -0.003 -16"><span class='ocrx_word' id='word_1_238' title='bbox 432 3375 566 3421; x_wconf 82' lang='lat' dir='ltr'><strong>pour</strong></span> <span class='ocrx_word' id='word_1_239' title='bbox 595 3356 665 3404; x_wconf 83' lang='lat' dir='ltr'><strong>les</strong></span> <span class='ocrx_word' id='word_1_240' title='bbox 695 3352 980 3418; x_wconf 70' lang='lat' dir='ltr'><strong>he&#39;retiques</strong></span> <span class='ocrx_word' id='word_1_241' title='bbox 1010 3351 1144 3401; x_wconf 81' lang='lat' dir='ltr'><strong>dans</strong></span> <span class='ocrx_word' id='word_1_242' title='bbox 1175 3350 1245 3399; x_wconf 84' lang='lat' dir='ltr'><strong>les</strong></span> <span class='ocrx_word' id='word_1_243' title='bbox 1276 3349 1422 3399; x_wconf 70' lang='lat' dir='ltr'><strong>villes</strong></span> <span class='ocrx_word' id='word_1_244' title='bbox 1452 3349 1678 3410; x_wconf 79' lang='lat' dir='ltr'><strong>d’ArleS,</strong></span> <span class='ocrx_word' id='word_1_245' title='bbox 1715 3349 1955 3398; x_wconf 82' lang='lat' dir='ltr'><strong>Embrun</strong></span> <span class='ocrx_word' id='word_1_246' title='bbox 2000 3360 2043 3399; x_wconf 85' lang='lat' dir='ltr'><strong>et</strong></span> <span class='ocrx_word' id='word_1_247' title='bbox 2089 3349 2350 3413; x_wconf 69' lang='lat' dir='ltr'><strong>Avignon.</strong></span> <span class='ocrx_word' id='word_1_248' title='bbox 2372 3373 2446 3383; x_wconf 87' lang='lat'><strong>—·</strong></span> 
     </span>
    </p>
   </div>
   <div class='ocr_carea' id='block_1_7' title="bbox 432 3433 1575 3500">
    <p class='ocr_par' dir='ltr' id='par_1_7' title="bbox 432 3433 1575 3500">
     <span class='ocr_line' id='line_1_31' title="bbox 432 3433 1575 3500; baseline -0.006 -10"><span class='ocrx_word' id='word_1_249' title='bbox 432 3436 1149 3500; x_wconf 73' lang='lat' dir='ltr'><strong>Villeneuve-les·Avignon,</strong></span> <span class='ocrx_word' id='word_1_250' title='bbox 1183 3434 1243 3483; x_wconf 91' lang='lat'><strong>11</strong></span> <span class='ocrx_word' id='word_1_251' title='bbox 1275 3433 1393 3499; x_wconf 84' lang='lat' dir='ltr'><strong>juin</strong></span> <span class='ocrx_word' id='word_1_252' title='bbox 1426 3433 1575 3484; x_wconf 87' lang='lat'>1375.</span> 
     </span>
    </p>
   </div>
   <div class='ocr_carea' id='block_1_8' title="bbox 472 3612 1135 3809">
    <p class='ocr_par' dir='ltr' id='par_1_8' title="bbox 472 3612 1135 3809">
     <span class='ocr_line' id='line_1_32' title="bbox 473 3612 1083 3669; baseline -0.007 -13"><span class='ocrx_word' id='word_1_253' title='bbox 473 3617 532 3669; x_wconf 87' lang='lat' dir='ltr'><strong>(a)</strong></span> <span class='ocrx_word' id='word_1_254' title='bbox 567 3616 672 3667; x_wconf 80' lang='lat' dir='ltr'><strong>Reg.</strong></span> <span class='ocrx_word' id='word_1_255' title='bbox 707 3629 717 3656; x_wconf 68' lang='grc' dir='ltr'><em>ι</em></span> <span class='ocrx_word' id='word_1_256' title='bbox 751 3613 882 3655; x_wconf 87' lang='lat' dir='ltr'><strong>addit</strong></span> <span class='ocrx_word' id='word_1_257' title='bbox 912 3612 1083 3654; x_wconf 78' lang='lat' dir='ltr'><strong>eisdem.</strong></span> 
     </span>
     <span class='ocr_line' id='line_1_33' title="bbox 474 3683 1079 3739; baseline -0.002 -13"><span class='ocrx_word' id='word_1_258' title='bbox 474 3687 529 3739; x_wconf 74' lang='lat' dir='ltr'><strong>(b)</strong></span> <span class='ocrx_word' id='word_1_259' title='bbox 564 3684 790 3736; x_wconf 85' lang='lat' dir='ltr'><strong>Wadding</strong></span> <span class='ocrx_word' id='word_1_260' title='bbox 822 3697 833 3724; x_wconf 87' lang='lat'><strong>:</strong></span> <span class='ocrx_word' id='word_1_261' title='bbox 867 3683 1079 3728; x_wconf 77' lang='lat' dir='ltr'><strong>honestae.</strong></span> 
     </span>
     <span class='ocr_line' id='line_1_34' title="bbox 472 3754 1135 3809; baseline 0 -13"><span class='ocrx_word' id='word_1_262' title='bbox 472 3758 523 3809; x_wconf 80' lang='lat' dir='ltr'><strong>(c)</strong></span> <span class='ocrx_word' id='word_1_263' title='bbox 561 3754 784 3806; x_wconf 49' lang='lat' dir='ltr'><strong>&amp;Vadding</strong></span> <span class='ocrx_word' id='word_1_264' title='bbox 814 3769 823 3792; x_wconf 73' lang='grc' dir='ltr'>ε</span> <span class='ocrx_word' id='word_1_265' title='bbox 854 3755 1135 3807; x_wconf 72' lang='lat' dir='ltr'><strong>prefatorum.</strong></span> 
     </span>
    </p>
   </div>
  </div>
 </body>
</html>
