2540 4354
960 407 1175 445 unium
1212 411 1243 443 v
1527 403 1530 405 ’
1976 375 2092 447 ’379

106 527 110 529 ’
164 553 166 568 =
186 540 248 576 us
272 522 340 574 de
367 521 622 590 predictis
638 521 860 574 decimis
889 524 1057 574 talem
1077 524 1383 590 portionem
1399 525 1632 577 ecclesiis
1651 542 1680 577 a
1702 545 1931 614 quarum
1959 544 2080 593 par-

81 604 292 662 iochiis
329 604 416 655 vel
456 603 827 671 parrochianis
867 605 1224 672 recipiuntur,
1265 607 1596 659 auctoritate
1636 619 1815 675 apost.
1874 608 2081 682 faciant

94 686 374 755 assignari,
423 687 568 754 quod
615 687 683 738 de
729 697 910 739 cetero
956 689 1027 740 ad
1076 707 1262 742 earum
1309 690 1545 783 regimen
1593 691 1804 757 possint
1851 709 2076 758 persone

85 763 106 774 ’
134 787 306 853 genoe
357 779 414 820 et
465 769 709 823 litterate
761 771 1061 822 secundum
1129 772 1371 822 locorum
1438 773 1677 838 ipsorum
1744 774 2076 839 exigentiam

94 860 158 915 [οἱ
185 834 663 920 parochianorum
697 853 1077 904 necessitatem
1111 853 1340 905 inveniri
1373 865 1429 904 et
1462 855 1715 917 ordinari,
1751 875 1847 907 nec
1879 856 1969 907 alii
2022 856 2076 907 in

0 948 7 995 ζ
77 934 299 989 ⁴'isdem
340 935 572 987 ecclesiis
616 935 1027 1002 quomodolibet
1069 936 1431 988 instituantur
1466 959 1476 988 ε
1510 956 1617 988 non
1662 938 2074 990 obstantibus...

94 1027 176 1090 ξιυῐ
211 1036 333 1070 cum
371 1017 488 1069 aliis
528 1018 779 1070 clausulis
820 1019 1119 1085 oportunis.

92 1103 100 1135 ἒ
167 1100 388 1163 Audiat,
427 1111 621 1153 vocata
661 1111 835 1168 parte,
875 1102 1163 1153 cardinalis
1203 1104 1267 1153 de
1308 1103 1597 1154 Canilbaco
1624 1107 1660 1154 ⁵.

174 1183 310 1235 Item
341 1202 463 1234 cum
497 1183 719 1250 quidam
753 1183 1003 1250 potentes
1036 1203 1142 1235 non
1178 1186 1502 1251 permittant
1547 1187 1600 1236 in
1645 1187 1773 1237 locis
1823 1187 2077 1252 predictis

90 1263 287 1334 Fur-ntra
324 1266 497 1318 dictos
535 1266 798 1317 hereticos
836 1267 1019 1317 debite
1059 1269 1275 1339 procedi
1314 1287 1406 1333 per
1443 1270 1740 1319 ordinarios
1779 1271 1863 1320 vel
1901 1270 2075 1335 inqui·

19 1364 25 1386 <
105 1348 306 1414 jures,
338 1367 437 1401 nec
467 1349 611 1416 ipsos
645 1350 790 1401 trahi
821 1360 977 1401 extra
1011 1351 1127 1402 loca
1163 1351 1423 1416 predicta,
1442 1352 1533 1401 sed
1569 1370 1661 1417 per
1680 1353 1867 1402 modos
1885 1362 1941 1402 et
1958 1352 2074 1404 vias

96 1443 141 1475 e.
169 1432 394 1500 quisitas
437 1432 743 1499 impediunt
788 1451 1064 1499 processus
1107 1444 1163 1483 ct
1207 1434 1550 1485 executiones
1589 1434 1700 1484 lieri
1734 1445 1921 1486 contra
1966 1452 2075 1496 eos,

102 1517 105 1522 ’
156 1551 179 1574 »,
208 1525 352 1567 ·etur
374 1515 426 1568 S.
455 1516 517 1567 V.
545 1515 885 1567 committere
910 1516 1072 1567 alicui
1098 1517 1182 1567 vel
1208 1516 1478 1582 aliquibus
1498 1518 1561 1566 de
1580 1517 1811 1567 dominis
1830 1514 2077 1569 cardina-

107 1607 145 1667 ᾖ
210 1629 227 1643 ·>
247 1598 415 1666 quod
447 1598 658 1665 possint
688 1609 876 1650 contra
911 1599 1085 1650 dictos
1120 1610 1369 1666 potentes
1403 1611 1458 1649 et
1493 1617 1862 1666 quoscumque
1896 1600 2078 1650 fauto-

32 1730 33 1733 ,
104 1728 127 1742 „
210 1681 448 1750 ipsorum
480 1683 765 1749 procedere
799 1693 961 1749 prout
991 1683 1065 1733 eis
1099 1683 1395 1734 videbitur.

112 1765 354 1835 3:1’11cot
385 1767 453 1817 de
484 1765 728 1833 predicto
760 1765 1038 1818 cardinali.

127 1847 177 1911 J²
185 1847 320 1901 Rem
348 1849 538 1915 quod'
522 1867 577 1900 ιιι
606 1848 876 1915 premissis
906 1849 1158 1900 omnibus
1186 1859 1242 1899 et
1261 1849 1479 1914 singulis
1501 1850 1824 1914 procedatur
1841 1868 2077 1900 summa-

121 1968 131 1975 ι
157 1968 168 1998 :
211 1941 268 1984 et
301 1932 367 1983 de
405 1933 567 2015 plano
602 1942 659 1983 et
695 1933 808 1983 sinc
846 1932 1077 1999 strepitu
1116 1943 1171 1982 et
1213 1933 1382 1998 figura
1423 1932 1625 1993 iudicii,
1663 1951 1725 1983 ac
1761 1932 1927 1983 etiam
1965 1932 2076 1983 sine

123 2013 295 2081 1llo‚
338 2016 421 2067 vel
464 2034 806 2082 quocumque
851 2034 1101 2082 processu
1144 2015 1398 2077 iudiciali,
1443 2017 1534 2065 sed
1578 2016 1751 2066 solum
1796 2015 2073 2080 proposita

168 2097 328 2151 ·'tate
370 2099 501 2150 facti
542 2117 636 2165 per
678 2100 900 2150 modum
941 2099 1293 2150 articulorum
1337 2109 1391 2148 et
1433 2108 1645 2163 recepta
1692 2098 2076 2151 informatione

120 2237 122 2239 ,
129 2141 307 2250 fsque
331 2182 618 2234 -videbitur
651 2182 1018 2235 commissario
1054 2201 1148 2248 per
1184 2182 1234 2232 S.
1275 2183 1335 2232 V.
1374 2182 1708 2248 deputando,
1744 2191 1799 2230 et
1834 2177 1955 2231 cuin
1986 2199 2078 2246 po-

134 2322 139 2327 ,
168 2294 187 2337 j
213 2275 221 2282 '
244 2265 526 2318 te-cita'ndi
549 2266 713 2316 semel
737 2275 794 2316 et
819 2265 1015 2332 pluries
1040 2275 1195 2316 extra
1223 2263 1427 2316 curiam
1452 2274 1507 2314 et
1532 2265 1599 2315 ad
1628 2274 1824 2330 partes.
1855 2263 1925 2313 Et
1950 2282 2072 2315 cum

247 2349 497 2402 clausulis
532 2339 832 2416 oportunis.
981 2355 985 2358 ’

137 2424 308 2498 krist.
340 2432 402 2484 Β.

147 2539 180 2583 χιι
219 2515 641 2583 fm‘dig'nomini
678 2516 968 2568 c'o'nc'edere
1005 2515 1179 2566 eidem
1217 2514 1619 2581 archiepiscopo
1639 2514 1677 2575 ⁸,
1718 2513 1861 2579 quod
1908 2512 2072 2566 11110r

158 2587 369 2669 ,”,,ω93
409 2598 795 2666 cuiuscumque
836 2598 1036 2650 ordinis
1079 2597 1505 2649 mendicantium
1549 2614 1643 2662 pro
1662 2596 1987 2661 predicando
2016 2605 2080 2645 et

151 2682 242 2728 ἠ
274 2679 415 2734 endo
449 2692 504 2732 et
538 2681 644 2737 alia
680 2700 784 2749 que
819 2692 1088 2748 oportuna
1127 2681 1328 2732 fuerint
1365 2679 1612 2731 iaciendo
1650 2689 1837 2729 contra
1871 2696 2074 2728 errores

160 2831 164 2834 ξ
237 2762 250 2775 ’
267 2773 368 2816 tos
392 2782 575 2816 secum
602 2766 800 2816 habere
826 2766 1008 2816 valeat
1033 2774 1089 2814 et
1115 2775 1297 2815 tenere
1322 2773 1378 2813 et
1403 2764 1471 2813 ad
1498 2763 1688 2813 eadem
1715 2763 1829 2813 loca
1860 2761 2077 2826 mittere

143 2911 149 2916 ν
178 2840 185 2906 s
340 2883 349 2890 -
381 2847 628 2910 residere,
656 2848 841 2914 eisque
868 2849 1046 2899 locum
1065 2847 1303 2913 aliquem
1321 2847 1389 2897 ad
1411 2846 1738 2896 manendum
1766 2854 1821 2893 et
1849 2861 2075 2909 proven-

171 2961 188 2985 ι
207 2934 322 2997 ”pro
351 2930 748 2982 sustentatione
779 2949 874 2982 sua
908 2931 1172 2996 deputare
1201 2940 1257 2979 et
1288 2928 1559 2993 assignare
1592 2936 1752 2993 prout
1783 2925 1883 2975 sibi
1929 2925 2075 2975 vide·

181 3039 228 3060 ...
293 3024 646 3081 oportunum,
674 3015 881 3079 absque
928 3012 1266 3079 superiorum
1315 3012 1555 3077 ipsorum
1603 3009 1967 3074 religiosorum
2015 3007 2074 3058 li·

59 3123 67 3166 ξ
156 3092 280 3147 ti·
312 3095 399 3147 vel
430 3114 712 3149 consensu.
755 3097 876 3148 Non
909 3096 1257 3148 obstantibus
1293 3093 1648 3160 privilegiis...

59 3245 63 3248 .
148 3147 200 3226 J
217 3173 314 3230 ist.
347 3178 409 3230 B.

63 3276 77 3307 i
134 3268 214 3318 2⁸
264 3269 382 3313 tum
419 3261 691 3325 Avinioni,
730 3262 890 3313 tertio
930 3280 1098 3313 nonas
1136 3260 1371 3326 augusti,
1422 3276 1563 3309 anno
1617 3266 1828 3322 quarto,

133 3466 167 3514 -.{{2
189 3491 202 3526 ζ
232 3473 297 3517 Ian
322 3474 528 3531 Vslpute,
557 3490 616 3519 ou
644 3476 921 3528 Val-Louise,
950 3477 1063 3518 dans
1091 3473 1390 3517 l'Embrunois
1409 3470 1760 3525 (Hautes-Alpes)

22 3534 25 3587 ]
142 3535 175 3590 ΓΞ»
236 3542 276 3587 11
293 3542 426 3600 s’agit
444 3545 523 3588 des
545 3546 752 3595 audoin
776 3546 833 3588 ci.
857 3561 901 3588 n.
926 3547 1024 3597 232,
1048 3552 1154 3587 note
1175 3545 1216 3586 2.

82 3622 84 3626 ’
151 3611 196 3670 j
233 3609 344 3656 snm
368 3613 529 3657 senon
554 3614 649 3657 xu
679 3614 739 3668 (n.
768 3616 868 3668 147,
895 3616 995 3667 148,
1024 3613 1144 3667 149),
1170 3626 1274 3655 sou·
1302 3612 1502 3653 clament
1531 3609 1591 3650 vl
1624 3608 1682 3661 (n.
1713 3608 1834 3659 211);
1862 3620 1966 3648 sou·
1997 3606 2080 3647 ur-

76 3680 112 3738 ς’
234 3678 276 3723 v
298 3680 359 3735 (n.
382 3683 481 3737 232,
503 3683 587 3727 232
613 3684 695 3738 ωε,
718 3685 817 3737 233,
841 3685 941 3738 237,
964 3685 1063 3735 238,
1087 3682 1290 3734 241÷244,
1314 3680 1429 3731 253).

90 3810 96 3820 .
143 3754 164 3817 ‘f
191 3766 202 3771 ⁴·
233 3747 366 3805 Oulx,
386 3764 512 3810 prom
534 3752 590 3796 ds
611 3753 764 3807 Tui-in,
785 3753 964 3798 district
983 3753 1039 3797 de
1061 3752 1171 3796 Suss
1195 3748 1374 3806 (Italis).
