2540 4354
407 386 508 436 264
796 402 1084 435 BULLAIRE
1127 403 1202 434 DE
1247 386 1665 444 L’momsmoN
1708 403 2028 444 FRANcAisE

402 518 672 592 fabriquer
711 536 811 567 une
849 516 1021 581 image
1057 517 1117 567 de
1153 517 1272 579 cire,
1312 521 1443 567 lente
1491 519 1551 567 de
1588 519 1640 567 la
1681 518 1925 584 bapti-ser,
1965 538 2098 584 pour
2147 519 2199 568 la
2244 536 2417 584 pert-er

404 602 606 653 ensuite
641 604 674 651 ἀ
707 601 865 651 l’aide
897 600 1200 666 d'aiguilles
1234 612 1279 651 et
1311 603 1606 667 apprendre
1639 602 1785 652 d'elle
1819 603 2059 653 l’endroit
2091 607 2159 653 οίι
2191 622 2243 652 se
2276 614 2414 653 trou-

403 687 509 737 vait
539 687 582 736 le
610 690 783 736 tre'sor.
817 714 885 720 ——
914 677 1185 750 Avignon‚
1217 685 1246 735 2
1278 686 1562 736 decembre
1596 686 1746 738 1339.

748 819 914 872 Regesl.
943 818 1098 872 Auen„
1127 826 1160 860 t.
1192 818 1304 872 L111,’⁷
1318 819 1393 861 fol.
1424 821 1505 861 253
1536 825 1606 868 v03
1624 821 1790 873 Regesl.
1813 819 2018 873 Vaticqt.
2039 836 2219 873 cxxvu,
2238 837 2279 863 n.
2310 823 2415 872 7583

700 889 899 941 flamen,
932 889 1125 943 Quellen,
1156 896 1258 940 ete„
1290 905 1334 944 p.
1366 890 1436 942 14,
1469 905 1511 931 n.
1546 891 1598 931 22
1635 889 1843 946 (id—text).

476 1008 687 1059 Dilecto
728 1008 837 1059 filio
878 1009 1141 1059 Durando
1178 1008 1215 1071 ¹,
1254 1009 1448 1060 abbati
1498 1010 1815 1060 monasterii
1865 1011 1929 1060 de
1979 1011 2225 1061 Bolbona
2245 1011 2281 1072 ²,
2335 1012 2414 1062 Ci-

402 1092 651 1145 stercien.
699 1091 921 1155 ordinis,
970 1092 1312 1159 Mirapiscen.
1361 1094 1607 1155 diocesis,
1654 1094 1908 1156 salutem,
1955 1106 2147 1145 etc.—
2192 1095 2274 1145 Ad
2321 1115 2412 1145 au-

401 1177 667 1230 dientiam
709 1187 957 1228 nostram
1002 1177 1254 1243 pervenit
1297 1179 1444 1243 quod
1491 1178 1810 1228 Guillelmus
1855 1179 1921 1228 de
1979 1179 2233 1241 Mosseto,
2279 1180 2411 1230 alias

401 1263 580 1314 dictus
616 1261 832 1328 spurius
868 1263 934 1312 de
972 1263 1228 1325 Mosseto‚
1267 1263 1489 1313 clericus
1530 1264 1723 1314 Riven.
1762 1263 2008 1326 diocesis,
2050 1265 2412 1330 Raymundus

403 1348 628 1410 Fenolh‚
673 1346 946 1397 Arnaldus
993 1346 1158 1410 Gifre‚
1202 1348 1513 1398 Bernardus
1560 1347 1802 1414 Aynerii,
1847 1367 1909 1398 ac
1965 1349 2302 1399 Bertrandus
2348 1351 2413 1399 de

401 1433 641 1484 Causaco
673 1432 708 1494 3,
739 1431 994 1481 monachi
1021 1431 1341 1482 monasterii
1368 1432 1467 1493 tui,
1498 1433 1566 1482 ad
1596 1432 1857 1483 secularia
1888 1432 2153 1484 desideria
2182 1444 2237 1483 et
2262 1433 2411 1485 lucra

399 1516 744 1584 temporalia,
803 1534 907 1581 que
965 1515 1209 1565 militant
1265 1517 1528 1566 adversus
1585 1516 1846 1578 animam,
1906 1535 2079 1582 queve
2137 1518 2414 1570 debebant

398 1604 553 1655 velut
594 1612 832 1652 stercora
874 1601 1159 1663 extimare,
1202 1611 1347 1651 retro
1388 1611 1666 1651 vertentes
1709 1602 1958 1664 affectus,
2015 1603 2256 1668 quadam
2310 1604 2418 1672 die,

400 1699 462 1739 ut
509 1696 733 1754 possent
781 1685 1117 1736 clandestine
1183 1685 1498 1738 alchimiam
1557 1704 1823 1749 exercere,
1872 1686 1942 1738 ad
2002 1697 2222 1752 portam
2281 1689 2415 1741 dieti

400 1771 719 1824 monasterii
749 1770 986 1822 invicem
1021 1781 1415 1833 convenerunt,
1450 1789 1505 1821 se
1541 1770 1669 1820 fidei
1701 1771 1929 1837 prestite
1963 1771 2182 1822 vinculo
2217 1774 2413 1826 astrin-

400 1868 605 1924 gentes,
646 1856 792 1922 quod
830 1855 1037 1906 nemini
1071 1856 1381 1906 revelarent
1418 1873 1516 1905 nec
1553 1856 1861 1922 panderent
1897 1855 1987 1907 illa
2027 1875 2131 1922 que
2170 1857 2412 1909 facerent

398 1944 464 1994 de
510 1940 765 1992 alchimia
811 1939 1147 2006 supradicta.
1201 1940 1462 2006 Idemque
1511 1939 1831 1990 Guillelmus
1877 1941 1942 1990 de
1990 1941 2226 1992 Mosseto
2273 1942 2413 1993 dixit

398 2027 602 2078 eisdem
649 2023 930 2076 monachis
979 2024 1124 2090 quod
1172 2024 1286 2091 ipse
1333 2024 1544 2076 sciebat
1591 2025 1889 2090 quemdam
1936 2036 2182 2076 montem
2228 2026 2412 2078 incan-

394 2122 582 2163 -tatum
613 2128 783 2177 prope
813 2109 1002 2160 villam
1034 2110 1098 2159 de
1132 2109 1368 2172 Limoso‚
1401 2109 1456 2159 in
1489 2127 1596 2175 quo
1628 2118 1747 2159 erat
1791 2110 2089 2162 absconsus
2161 2111 2411 2163 infinitus

397 2197 687 2247 thesaurus
739 2195 1076 2256 incantatus,
1131 2193 1282 2244 cuius
1334 2193 1579 2246 thesauri
1631 2194 1878 2245 custodie
1931 2196 2169 2260 quedam
2222 2197 2413 2247 mulier

397 2279 646 2330 similiter
684 2278 970 2328 incantata
1013 2277 1195 2328 fuerat
1233 2278 1523 2344 deputata,
1565 2287 1621 2327 et
1661 2278 1808 2343 quod
1849 2279 1918 2329 ad
1971 2279 2282 2332 faciendam
2335 2280 2411 2330 di-

399 2375 547 2416 ctam
595 2362 909 2415 alchimiam
956 2372 1012 2411 et
1060 2362 1465 2413 detrahendum
1513 2361 1726 2412 dietum
1773 2363 2098 2414 thesaurum
2129 2365 2195 2414 de
2227 2374 2411 2414 monte

398 2450 612 2515 prefato
654 2467 749 2516 per
787 2449 933 2516 ipsos
976 2449 1293 2512 monachos,
1333 2459 1453 2501 erat
1491 2448 1566 2498 eis
1608 2447 1910 2500 necessaria
1953 2450 2191 2515 quedam
2231 2449 2408 2515 imago

398 2552 548 2585 cerea
595 2552 698 2600 que
740 2534 1058 2601 loqueretur
1100 2545 1156 2584 et
1199 2534 1592 2601 baptizaretur.

471 2619 648 2682 Quam
679 2619 994 2684 ymaginem
1026 2619 1383 2686 postmodum
1414 2619 1559 2669 idem
1594 2619 1913 2670 Guillelmus
1945 2617 2080 2668 emit
2111 2629 2165 2668 et
2197 2619 2411 2669 defferri

399 2703 529 2754 feeit
556 2705 625 2755 ad
655 2705 882 2755 domum
913 2705 1061 2756 Petri
1091 2705 1349 2766 Garaudi,
1381 2705 1512 2756 civis
1543 2704 1961 2771 Appamiarum,
1993 2722 2087 2770 per
2117 2706 2409 2770 quemdam

399 2788 669 2839 famulum
707 2789 841 2840 dieti
879 2789 1052 2851 Petri3
1091 2790 1349 2856 quodque
1386 2790 1744 2855 postmodum
1782 2788 1930 2841 dicta
1966 2808 2166 2855 ymago
2205 2789 2310 2838 fuit
2345 2790 2409 2839 de

399 2873 562 2923 domo
610 2873 745 2924 dicti
794 2874 942 2924 Petri
986 2885 1206 2941 recepta
1254 2885 1310 2924 et
1357 2892 1451 2940 per
1498 2873 1709 2924 dictum
1760 2875 2157 2940 Raymundum
2208 2873 2408 2924 Fenolh

398 2958 467 3008 ad
500 2958 779 3025 prefatum
811 2959 1207 3011 monasterium
1240 2958 1577 3010 clandestine
1609 2959 1921 3024 deportata,
1953 2968 2010 3008 et
2041 2958 2219 3024 posita
2253 2975 2410 3023 super

400 3042 572 3094 altare
611 3043 814 3109 capelle
851 3044 1013 3096 beate
1051 3043 1319 3106 Caterine,
1360 3044 1506 3109 quod
1544 3054 1628 3094 est
1664 3043 1820 3093 iuxta
1859 3053 2079 3109 portam
2118 3042 2250 3092 dicti
2301 3060 2410 3091 mo-

399 3126 640 3188 nasterii,
692 3145 854 3194 super
905 3146 1031 3194 quo,
1083 3146 1178 3194 per
1225 3127 1782 3179 inconsiderationem
1833 3128 2228 3178 monachorum
2279 3126 2411 3177 dicti

400 3210 719 3262 monasterii
745 3229 855 3262 non
885 3211 1302 3262 advertencium
1333 3212 1480 3278 quod
1510 3211 1656 3262 dieta
1687 3230 1886 3277 ymago
1916 3221 2036 3262 erat
2063 3212 2131 3262 ad
2163 3210 2411 3261 commit·

399 3296 630 3346 tendum
674 3295 1017 3362 sacrilegium
1062 3296 1352 3359 fabricata,
1397 3313 1492 3363 per
1535 3296 1714 3362 plures
1760 3296 1872 3347 dies
1918 3295 2118 3346 dicitur
2163 3313 2412 3362 perman-

401 3379 557 3442 sisse;
599 3390 834 3446 postque
875 3399 971 3448 per
1010 3381 1289 3448 prefatum
1334 3381 1731 3447 Raymundum
1774 3381 1843 3430 ad
1885 3381 2113 3430 domum
2167 3381 2407 3431 eiusdem

403 3464 551 3515 Petri
591 3464 782 3515 extitit
821 3476 1124 3532 reportata.
1175 3466 1436 3532 Idemque
1482 3465 1801 3516 Guillelmus
1859 3464 1913 3515 in
1956 3465 2234 3531 presencia
2278 3463 2408 3514 dicti

403 3549 550 3600 Petri
584 3550 826 3601 Garaudi
857 3550 1221 3616 interrogavit
1253 3551 1488 3601 eundem
1526 3551 1923 3616 Raymundum
1956 3550 2000 3601 si
2033 3550 2178 3601 dicta
2211 3567 2405 3616 ymago

399 3634 664 3685 extiterat
705 3635 1019 3703 baptizata3
1063 3635 1157 3702 qui
1196 3635 1483 3702 respondit
1525 3635 1672 3700 quod
1716 3653 1843 3697 non,
1889 3635 2014 3700 quia
2059 3653 2179 3685 eam
2221 3633 2404 3699 nequi·

398 3727 560 3768 verat
603 3719 901 3786 baptizare.
947 3720 1355 3786 Subsequenter
1399 3738 1528 3770 vero
1574 3719 1720 3770 dicta
1767 3737 1965 3785 ymago
2012 3737 2106 3787 per
2175 3710 2403 3770 eundem

396 3801 628 3855 Petrum
671 3802 912 3858 Garaudi
951 3804 1054 3859 tibi
1092 3803 1283 3859 extitit
1322 3804 1622 3874 assignata,
1663 3814 1854 3873 tuque,
1882 3803 1950 3860 'in
1991 3803 2186 3866 cosme,
2228 3802 2281 3853 in
2300 3816 2403 3870 quo
