2540 4354
911 353 1264 387 Arrnrtmess
1989 341 2091 393 519

43 522 46 523 ⁷
111 481 175 522 et
198 487 290 523 eos
315 470 374 522 in
397 480 725 537 perpetuum
750 488 862 522 non
887 472 1087 526 celabit
1111 492 1210 524 nec
1237 475 1705 543 qualitercumque
1722 477 1796 529 eis
1813 479 2093 544 impendet

115 553 422 616 consilium,
463 553 729 606 auxilium
770 555 858 605 vel
911 554 1175 609 favorem.
1235 558 1306 607 Et
1361 561 1506 623 quod
1562 560 1726 612 fidem
1767 562 2092 614 catholicam

117 645 176 686 et
216 647 465 691 sanctam
508 647 741 691 matrem
786 635 1084 689 Ecclesiam
1123 649 1181 689 et
1210 657 1425 692 sacrum
1462 641 1832 707 Inquisitionis
1859 644 2095 695 officium

42 784 47 785 ⁷
115 738 185 775 ac
233 736 606 786 quoscumque
656 718 950 772 familiares
997 720 1240 772 eiusdem
1268 733 1533 788 perpetuo
1562 724 1794 787 iuvabit,
1843 727 2100 777 defendet

116 818 217 869 pro
249 801 455 853 viribus
488 811 657 867 atque
688 812 892 852 tuetur.
934 802 1072 854 Item
1104 803 1268 855 simili
1300 805 1460 855 modo
1492 817 1549 855 et
1578 809 1681 857 sub
1712 808 1917 859 eisdem
1950 809 2102 873 penis

79 947 85 951 ι
119 883 376 951 promisit
403 894 462 935 et
490 883 695 935 iuravit
726 886 871 950 quod
903 884 971 935 de
1000 903 1056 935 se
1084 896 1141 935 et
1171 885 1288 939 aliis
1321 886 1460 938 vivis
1491 886 1593 956 e[t]
1625 890 1853 940 mortuis
1885 908 2100 941 omnem

116 985 287 1035 quam
326 966 487 1018 scivit
527 966 669 1018 dixit
709 977 766 1017 et
806 968 1052 1019 confessa
1093 967 1199 1018 fuit
1239 969 1558 1031 veritatem3
1598 982 1655 1021 et
1693 988 1758 1020 eo
1813 991 1938 1028 casu
1994 992 2100 1038 quo

114 1050 477 1116 imposterum
502 1059 791 1116 appareret
814 1068 938 1103 eam
964 1050 1030 1101 de
1055 1069 1111 1100 se
1136 1051 1224 1100 vel
1249 1050 1366 1102 aliis
1393 1051 1532 1102 vivis
1557 1063 1614 1102 et
1641 1052 1867 1103 mortuis
1893 1053 2098 1120 aliquid

45 1143 47 1186 j
113 1134 182 1187 de
212 1131 447 1184 veritate
477 1150 645 1198 quam
674 1132 837 1184 scivit
867 1133 1227 1199 suppressisse
1259 1150 1443 1185 omnes
1476 1152 1613 1199 pene
1643 1134 1885 1200 predicte
1927 1137 2102 1188 eidem

50 1250 57 1259 ι
113 1217 325 1281 absque
369 1214 613 1266 ulteriori
656 1215 936 1267 audientia
981 1225 1039 1264 et
1084 1215 1447 1268 misericordia
1495 1217 1569 1282 (Ρ)
1615 1218 1985 1284 imponantur.
2038 1221 2106 1269 Et

114 1297 336 1350 ibidem
404 1298 769 1350 incontinenti
815 1297 1008 1362 dic¹a[
1225 1302 1240 1367 ]
1277 1318 1332 1350 se
1381 1300 1583 1350 obtulit
1629 1319 1745 1351 esse
1794 1313 2105 1368 promptam

114 1391 171 1432 et
221 1391 474 1447 paratam
524 1382 678 1432 iuxta
734 1381 1137 1434 ordinationem
1188 1394 1433 1434 nostram
1486 1383 1821 1448 inquisitoris
1874 1386 2106 1450 predicti

113 1463 357 1529 legitime
395 1474 452 1514 et
493 1464 750 1518 canonice
790 1483 845 1516 se
886 1483 1133 1531 purgare,
1176 1465 1593 1531 nominavitque
1635 1485 1729 1532 pro
1759 1468 1867 1518 suis
1909 1487 2102 1534 purga·

114 1547 329 1599 toribus
376 1563 635 1613 personas
680 1546 1076 1613 infrascriptas,
1124 1548 1379 1599 videlicet
1425 1549 1683 1600 discretos
1732 1550 1873 1601 viros
1933 1551 2103 1601 domi-

115 1647 251 1682 num
299 1630 572 1683 Jacobum
618 1632 685 1682 de
732 1631 1029 1691 Bosozello,
1078 1630 1211 1682 alias
1263 1631 1474 1696 Frepet‚
1526 1631 1771 1694 militem,
1821 1633 2102 1684 dominum

55 1706 61 1710 ⁴
124 1712 346 1775 Sclose³‚
401 1713 650 1766 dominos
708 1713 1064 1764 Guillermum
1134 1714 1363 1776 Girardi,
1434 1725 1685 1765 curatum
1753 1716 2065 1782 Turrespini
2089 1718 2111 1750 ⁴

115 1807 173 1847 et
215 1798 439 1847 Petrum
483 1796 745 1858 Durandi,
789 1808 1042 1847 curatum
1086 1797 1455 1862 Montagniaci
1478 1799 1513 1859 ⁶,
1557 1798 1760 1848 nobiles
1809 1799 2100 1849 Henricum

122 1877 326 1941 Garini,
365 1878 729 1942 domicellum,
770 1880 1135 1931 Jocelmetum
1172 1882 1238 1931 de
1268 1881 1430 1942 Lacu,
1463 1881 1826 1941 domicellum,
1857 1882 2101 1931 castella·

119 1981 254 2014 num
303 1961 711 2014 Castrivillani⁸
755 1974 813 2013 et
863 1963 1129 2014 Thomam
1184 1963 1380 2025 Paviti‚
1434 1983 1495 2013 ac
1534 1964 1832 2026 Guigoncm
1874 1964 2101 2025 Filhodi,

119 2045 397 2099 notarium
431 2056 573 2097 terre
604 2045 814 2097 domini
847 2046 1210 2097 Claromontis
1231 2045 1266 2096 ⁷.
1305 2047 1375 2095 Et
1407 2065 1503 2097 nos
1536 2047 1826 2112 inquisitor
1859 2048 2101 2111 prefatus

117 2128 374 2181 duximus
403 2129 849 2196 respondendum
881 2147 978 2181 nos
1008 2148 1123 2180 esse
1168 2139 1387 2196 paratos
1419 2131 1488 2180 ad
1532 2130 1902 2196 recipiendum
1947 2147 2103 2180 cano-

116 2211 296 2267 nicam
339 2211 736 2279 purgationem,
780 2213 1258 2278 supranominatos
1302 2232 1396 2278 per
1437 2231 1558 2264 eam
1602 2223 1917 2279 purgatores
1960 2213 2103 2262 suffi-

114 2294 318 2348 cientes
371 2295 612 2361 ydoneos
665 2314 728 2350 ac
780 2295 1049 2361 legitimos
1102 2306 1438 2361 reputantes.
1499 2297 1736 2359 Postque
1789 2294 2104 2345 immediate

51 2412 53 2414 >
119 2377 269 2433 dicta
306 2376 323 2443 [
539 2380 554 2446 ]
591 2394 773 2429 coram
807 2378 963 2429 nobis
997 2378 1316 2444 inquisitore
1352 2379 1565 2444 prefato
1599 2388 1656 2428 et
1685 2396 1768 2429 me
1802 2378 2015 2429 notario
2049 2388 2105 2427 et

119 2459 354 2513 testibus
388 2460 746 2526 infrascriptis
780 2477 992 2513 necnon
1024 2461 1255 2512 notabili
1288 2461 1413 2512 cleri
1443 2470 1499 2512 et
1534 2461 1721 2526 populi
1754 2460 2105 2511 multitudine

122 2545 192 2599 ad
215 2562 373 2596 suam
397 2543 778 2616 purgationem
803 2542 1121 2596 canonicam
1146 2543 1407 2609 processit
1430 2543 1583 2594 iuxta
1602 2554 1863 2604 tenorem,
1884 2544 2105 2593 modum

117 2637 173 2679 et
203 2626 437 2679 formam
468 2643 564 2693 per
594 2625 773 2679 omnia
805 2624 1195 2691 subsequentia
1237 2626 1291 2676 in
1334 2634 1390 2676 et
1421 2643 1514 2691 per
1545 2627 1641 2676 hec
1672 2628 1837 2677 verba
1872 2646 1883 2675 ε

189 2710 300 2775 Ego
373 2742 389 2771 ι
1712 2710 1727 2776 ]
1803 2708 2103 2762 constituta

122 2792 180 2845 in
217 2793 488 2859 presentia
529 2803 730 2855 vestra,
772 2793 981 2844 domini
1019 2791 1352 2858 inquisitoris
1393 2791 1639 2857 predicti,
1663 2809 1844 2842 coram
1888 2791 2000 2842 Deo
2051 2801 2110 2841 et

125 2875 328 2943 angelis
358 2876 472 2927 eius
504 2886 561 2927 et
591 2876 647 2926 in
680 2887 976 2943 conspectu
1009 2876 1255 2927 omnium
1301 2873 1383 2923 hic
1415 2874 1750 2934 extantium,
1783 2892 1865 2925 me
1895 2875 1961 2924 de
1991 2892 2108 2938 pre·

121 2957 280 3011 dietis
310 2960 377 3011 de
408 2958 603 3025 quibus
636 2959 825 3012 videor
853 2959 1140 3011 diffamata
1173 2957 1427 3009 canonice
1470 2975 1639 3023 purgo
1683 2967 1738 3006 et
1781 2956 2008 3022 purifico
2051 2965 2107 3005 et

60 3088 62 3090 .
125 3040 242 3093 iuro
267 3060 361 3108 per
386 3042 482 3094 hec
505 3054 696 3094 sancta
724 3052 961 3109 quatuor
989 3042 1088 3092 Dei
1115 3040 1447 3106 Euvangelia
1475 3057 1578 3104 que
1603 3039 1658 3089 in
1685 3037 1934 3089 manibus
1976 3037 2106 3089 meis

118 3134 281 3177 teneo
315 3126 460 3190 quod
493 3126 624 3177 istas
659 3125 972 3177 criminosas
1004 3135 1061 3175 et
1090 3125 1378 3175 sceleratas
1409 3139 1490 3172 res
1522 3139 1631 3172 non
1665 3120 1925 3182 commisi,
1959 3121 2107 3171 vide·

62 3266 67 3270 ,
116 3207 245 3260 licet
269 3209 415 3272 quod
433 3209 534 3260 sim
549 3210 615 3260 de
640 3209 882 3260 infausta
900 3218 955 3258 et
972 3206 1260 3258 execrabili
1284 3205 1455 3257 heresi
1482 3214 1537 3254 et
1561 3215 1706 3254 secta
1734 3203 2102 3264 Valdensium,

114 3308 215 3344 nec
258 3293 402 3359 quod
444 3310 566 3344 eam
607 3293 983 3359 approbabam
1025 3300 1081 3340 et
1120 3290 1417 3340 laudabam
1459 3299 1725 3352 tanquam
1770 3288 1969 3337 bonam
2046 3297 2102 3337 et

66 3363 67 3366 Ἴ
120 3385 390 3436 sanctam,
422 3393 522 3427 nec
553 3374 811 3436 moribus,
845 3374 1084 3440 gestibus
1116 3383 1282 3438 atque
1315 3371 1490 3421 verbis
1523 3371 1592 3419 ab
1623 3368 1835 3419 unitate
1872 3368 2104 3437 Ecclesie

62 3449 66 3451 “
121 3474 271 3508 eram
306 3457 499 3519 divisa,
536 3475 635 3509 nec
670 3457 800 3509 alias
838 3455 1152 3507 criminosas
1187 3464 1244 3503 et
1277 3453 1564 3504 sceleratas
1599 3469 1680 3501 res
1719 3450 1963 3502 commisi
2010 3462 2107 3501 aut

65 3574 67 3579 ·
114 3539 444 3606 perpetravi,
490 3550 553 3590 ut
596 3541 892 3606 prefertur3
936 3540 1028 3590 sed
1070 3540 1139 3589 de
1185 3536 1433 3587 omnibus
1478 3545 1534 3585 et
1577 3533 1799 3598 singulis
1844 3533 2098 3585 innocens

109 3638 231 3672 sum
255 3632 312 3672 et
337 3622 593 3673 immunis
621 3634 676 3673 et
702 3623 814 3674 sine
844 3623 1019 3687 culpa.
1050 3620 1134 3670 Sic
1163 3636 1243 3668 me
1275 3619 1417 3669 Deus
1444 3615 1669 3668 adiuvet
1693 3626 1749 3664 et
1777 3617 1873 3666 hec
1899 3626 2108 3676 sancta-

113 3715 349 3770 quatuor
401 3705 501 3755 Dei
555 3705 904 3771 Euvangelia.
