2540 4354
459 360 559 412 150
865 376 1153 410 BULLAIRE
1192 376 1264 407 DE
1301 356 1718 417 L’rNQmsrrioN
1761 372 2079 415 FRANqAxsn

534 496 804 563 Episcopo
851 495 1041 544 Elnen.
1086 521 1156 528 —
1199 492 1334 542 Cum
1378 492 1636 542 nonnulle
1681 509 1907 557 persone
1951 491 2016 540 de
2064 491 2169 540 fide
2213 504 2461 558 suspecte
2527 494 2540 513 ²

462 580 729 631 catholica
771 579 1025 629 dicantur
1062 576 1118 626 in
1156 575 1266 626 tuis
1306 575 1533 626 civitate
1572 585 1627 625 et
1666 574 1866 625 diocesi
1905 575 2232 637 conversari,
2273 575 2460 627 frater-

459 664 623 714 nitati
669 675 762 712 tue
809 681 903 728 per
948 660 1247 726 apostolica
1295 659 1496 725 scripta
1545 660 1872 710 mandamus
1921 659 2181 724 quatinus
2229 662 2490 725 pastoris.

460 748 696 798 officium
727 764 999 811 exequens
1030 744 1332 809 diligenter,
1364 761 1621 809 personas
1652 743 1966 793 huiusmodi
1995 744 2221 793 solerter
2249 755 2303 793 et
2335 745 2460 795 fide-

459 833 582 882 liter
618 830 946 897 perquirere,
985 847 1047 879 ac
1087 838 1276 878 contra
1316 846 1422 889 eos,
1462 846 1529 877 ne
1570 828 1754 878 fideles
1793 827 1901 878 suis
1939 827 2210 877 erroribus
2248 828 2464 880 inficere

460 917 700 976 valeant,
754 915 845 964 sed
901 914 1033 963 fides
1085 912 1201 978 ipsa
1255 911 1540 962 subductis
1592 911 1861 962 erroribus
1914 911 2228 962 huiusmodi
2279 913 2462 978 pocius

459 1000 662 1050 ibidem
711 999 949 1064 preclara
1000 997 1324 1062 prefulgeat,
1373 1007 1567 1046 exacta
1617 995 1896 1061 diligentia
1960 997 2248 1062 procedere
2309 996 2462 1050 iuxta

460 1094 672 1134 statuta
702 1101 991 1143 canonum,
1020 1082 1196 1130 solum
1226 1081 1401 1130 Deum
1429 1081 1634 1130 habens
1662 1099 1755 1146 pre
1783 1081 1998 1142 occulis,
2019 1099 2127 1130 non
2147 1091 2461 1147 postponas,

461 1167 919 1228 Contradictores,
967 1176 1069 1216 etc.
1122 1166 1243 1214 Non
1290 1164 1640 1215 obstantibus
1689 1164 2127 1230 quibuscumque
2174 1165 2463 1232 privilegiis

457 1253 627 1316 [etc.].
656 1251 918 1300 Volumus
943 1260 1130 1299 autem
1154 1249 1299 1314 quod
1320 1249 1436 1298 site
1459 1267 1521 1298 ac
1545 1248 1805 1299 dilectum
1828 1248 2044 1298 filium..
2089 1248 2464 1315 inquisitorem

462 1335 695 1385 heretice
724 1333 1018 1400 pravitatis
1046 1333 1100 1382 in
1128 1333 1284 1382 terris
1314 1332 1576 1383 carissimi
1603 1332 1657 1382 in
1687 1333 1900 1383 Christo
1933 1333 2028 1382 filii
2056 1333 2227 1383 nostri
2256 1334 2464 1397 Jacobi,

460 1419 596 1484 regis
657 1418 1039 1469 Maioricarum
1074 1416 1095 1446 4
1138 1418 1378 1478 illustris,
1428 1417 1760 1467 auctoritate
1787 1417 2088 1483 apostolica
2118 1418 2463 1483 deputatum,

460 1504 546 1554 cui
582 1503 749 1553 etiam
787 1521 949 1568 super
985 1502 1085 1552 hiis
1123 1520 1218 1567 per
1254 1502 1385 1552 alias
1422 1502 1633 1551 litteras
1670 1512 1885 1552 nostras
1922 1501 2225 1563 scribimus,
2247 1502 2460 1552 divisim

464 1607 626 1654 super
674 1586 947 1653 premissis
998 1586 1282 1651 contingat
1332 1587 1639 1652 procedere,
1689 1586 1744 1635 in
1808 1586 2130 1652 proferenda
2195 1587 2463 1638 sententia

470 1672 626 1723 vobis
654 1671 889 1723 invicem
931 1670 1231 1721 teneamini
1269 1671 1425 1721 iuxta
1468 1670 1776 1721 sanctiones
1805 1671 2110 1733 canonicas,
2146 1681 2207 1720 ut
2235 1671 2346 1721 sine
2388 1690 2470 1721 su·

460 1756 698 1822 spicione
731 1756 993 1821 procedat
1023 1755 1310 1820 negocium
1342 1754 1673 1817 huiusmodi,
1695 1755 2096 1805 communicare
2117 1774 2394 1821 processus
2422 1753 2460 1807 ⁵.

461 1869 529 1877 —
564 1842 770 1891 Datum
802 1859 907 1890 V111
941 1840 1203 1890 kalendas
1238 1839 1383 1902 maii,
1418 1858 1561 1890 anno
1596 1839 2026 1906 quartodecimo.

536 1997 727 2047 Eidem
765 1995 1094 2063 inquisitori.
1134 2024 1204 2030 —
1242 1996 1376 2046 Cum
1416 1996 1674 2045 nonnulle
1715 2014 1939 2061 persone
1977 1998 2125 2060 [etc.,
2167 2015 2359 2046 comme
2394 1996 2461 2047 ci-

461 2083 659 2144 dessuS,
697 2081 926 2132 mutatis
963 2078 1262 2142 mutandis,
1297 2079 1511 2146 jusqu’d
1545 2081 1597 2130 la
1632 2080 1748 2147 fin].
1786 2109 1854 2115 —
1891 2081 2096 2131 Datum
2134 2091 2194 2130 ut
2214 2099 2392 2146 supra.

499 2223 552 2280 1.
585 2223 805 2276 Berenger
826 2223 971 2274 Batle,
997 2221 1094 2263 voir
1116 2236 1159 2263 n.
1186 2222 1255 2273 70,
1280 2229 1387 2263 note
1409 2221 1450 2263 1.

514 2295 553 2335 2.
590 2294 658 2334 En
696 2294 824 2345 1333,
862 2291 1165 2347 l'inquisiteur
1202 2293 1265 2334 du
1302 2306 1520 2345 royaume
1558 2294 1614 2333 de
1652 2292 1888 2346 Majorque
1926 2291 2040 2334 &tait
2076 2291 2318 2345 Raymond
2355 2293 2466 2350 Dur,

456 2363 745 2405 dominicain.
781 2362 966 2415 Douais,
998 2362 1325 2416 L’Inquisition
1355 2376 1410 2403 en
1439 2362 1707 2414 Roussillon,
1739 2364 1851 2405 dans
1882 2362 2082 2404 Annales
2100 2363 2160 2403 du
2179 2363 2317 2414 Midi‚
2336 2363 2462 2415 1892,

456 2449 499 2488 p.
528 2435 624 2476 537.
654 2434 708 2474 D’
712 2442 842 2475 autre
867 2441 985 2486 part,
1010 2433 1050 2474 le
1075 2447 1231 2486 proces
1255 2434 1283 2473 d
1292 2422 1535 2474 'Adhemar
1558 2434 1613 2474 de
1637 2433 1806 2474 Mosset
1829 2432 1997 2486 signale
2023 2447 2110 2474 une
2135 2435 2327 2487 enquete
2350 2433 2456 2475 faite

456 2519 587 2558 apres
617 2505 791 2545 l'annee
821 2504 933 2544 1329
964 2517 1047 2557 par
1077 2503 1124 2544 P.
1156 2503 1215 2542 F
1200 2517 1387 2555 ινιηαειι
1418 2503 1882 2557 egalementqualifie
1913 2504 1958 2544 d’
1962 2502 2244 2557 inquisiteur.
2279 2504 2315 2544 Il
2333 2518 2352 2545 s
2360 2503 2462 2557 'agit

455 2573 511 2615 ici
556 2574 1028 2616 vraisemblablement
1050 2574 1105 2614 de
1127 2574 1156 2613 l’
1162 2588 1222 2614 un
1246 2575 1300 2615 de
1324 2588 1393 2615 ces
1418 2575 1538 2614 deux
1558 2587 1871 2628 personnages.

512 2646 553 2686 3.
586 2645 751 2686 Autres
770 2643 914 2698 pieces
934 2644 1264 2685 concernantle
1283 2643 1457 2685 diocese
1491 2645 1746 2686 d’Elnezn.
1785 2645 1975 2696 99,124
2014 2644 2094 2696 bis,
2129 2645 2228 2697 125,
2264 2644 2346 2686 125
2384 2644 2460 2694 bis,
2494 2664 2497 2667 ⁵

455 2716 555 2767 127,
579 2716 662 2756 127
692 2715 771 2766 bis,
796 2715 878 2755 127
905 2721 978 2766 ter,
1004 2715 1087 2755 130
1116 2714 1196 2764 bis,
1221 2715 1304 2755 130
1329 2721 1403 2766 ter,
1429 2715 1528 2767 132,
1569 2713 1775 2767 135-136,
1817 2715 1915 2755 139.

512 2787 552 2827 4.
586 2785 783 2838 Jacques
807 2785 868 2836 II,
894 2784 960 2826 fils
982 2785 1037 2825 de
1060 2784 1282 2834 Fernand,
1303 2784 1454 2826 infant
1473 2786 1528 2826 de
1549 2785 1800 2838 Majorque,
1822 2786 1876 2826 ne
1899 2799 1953 2826 en
1973 2785 2106 2837 1315,
2128 2793 2247 2827 mort
2268 2799 2322 2826 en
2342 2785 2468 2836 1349,

454 2855 582 2898 avait
609 2856 795 2897 succede
824 2856 849 2895 a
879 2869 960 2896 son
989 2855 1114 2895 oncle
1143 2854 1332 2906 Sanche,
1362 2869 1416 2895 en
1445 2855 1571 2896 1324.
1605 2855 1642 2895 Il
1669 2855 1743 2896 sut
1770 2855 1809 2896 le
1838 2854 2017 2896 dernier
2043 2855 2108 2896 roi
2138 2857 2192 2896 de
2221 2856 2466 2909 Majorque.

456 2926 574 2968 C'est
595 2925 658 2966 lui
678 2926 793 2967 dont
811 2925 852 2966 le
873 2939 980 2966 nom
1000 2924 1176 2966 revient
1196 2926 1222 2966 a
1244 2925 1419 2979 chaque
1440 2924 1616 2967 instant
1635 2926 1747 2967 dans
1770 2925 1809 2966 le
1831 2928 1985 2978 proces
2007 2926 2062 2966 de
2083 2926 2290 2979 l'eveque
2312 2925 2468 2966 d'Elne

455 3004 609 3037 contre
637 2996 819 3048 Mosset,
849 3003 894 3037 et
922 2994 999 3049 qui
1028 3002 1096 3036 est
1122 2994 1422 3036 l’accusateur
1449 2994 1669 3049 principal
1697 2996 1752 3036 de
1781 3010 1829 3036 ce
1857 2995 2002 3036 noble.
2033 2995 2140 3035 Voir
2168 2995 2314 3048 Lecoy
2342 2996 2395 3036 de
2425 2994 2465 3036 la

456 3067 649 3116 Marche,
677 3066 902 3106 Relations
928 3066 978 3106 de
1003 3066 1047 3106 la
1071 3065 1241 3106 France
1266 3079 1364 3107 avec
1389 3065 1427 3106 le
1451 3079 1656 3118 royaume
1681 3066 1731 3106 de
1756 3065 2003 3119 Major-que,
2032 3065 2171 3113 Paris,
2199 3066 2326 3118 1892,
2353 3073 2384 3106 t.
2414 3078 2464 3115 11,

457 3151 499 3190 p.
524 3138 547 3176 4
571 3151 658 3190 sq.;
682 3138 737 3177 de
758 3135 1042 3184 Mas-Latrie,
1069 3136 1223 3176 Tre'sor
1242 3136 1292 3176 de
1312 3135 1595 3187 chronologia,
1618 3135 1698 3176 col.
1723 3136 1855 3183 1736;
1882 3135 1935 3176 U.
1960 3135 2207 3187 Chevalier,
2228 3134 2469 3188 Repertoire

452 3207 525 3248 des
549 3221 718 3248 sources
741 3206 997 3259 historiques
1021 3206 1081 3246 du
1106 3219 1258 3258 moyen
1282 3207 1373 3257 rige.
1394 3204 1835 3258 Bio-bibliographie‚
1879 3207 1926 3245 2θ
1952 3207 2038 3256 ed„
2065 3206 2145 3246 col.
2175 3207 2300 3247 2320.

512 3278 552 3318 5.
587 3277 651 3318 La
673 3275 999 3318 collaboration
1019 3277 1075 3317 de
1097 3275 1301 3329 l'eveque
1322 3274 1548 3317 diocesain
1570 3283 1616 3317 et
1637 3277 1692 3317 de
1712 3275 2015 3329 l’inquisiteur
2036 3275 2164 3316 avait
2185 3277 2255 3317 ete
2276 3275 2468 3329 imposee

455 3361 538 3400 par
558 3347 598 3388 le
619 3346 786 3387 concile
808 3347 863 3387 de
885 3346 1071 3398 Vienne,
1093 3359 1152 3386 au
1174 3345 1318 3388 moins
1340 3360 1456 3399 pour
1476 3345 1789 3387 l’elaboration
1811 3351 1856 3384 et
1877 3345 2106 3386 l’ediction
2128 3346 2204 3388 des
2243 3353 2467 3388 sentences

455 3417 517 3459 les
547 3417 646 3470 plus
676 3430 847 3469 graves.
879 3416 1152 3468 Clementin„
1180 3415 1255 3457 lib.
1287 3415 1341 3467 V,
1370 3430 1468 3470 cap.
1498 3416 1538 3456 1.
2476 3415 2479 3418 ⁴
