<?xml version="1.0" encoding="UTF-8"?>
<!DOCTYPE html PUBLIC "-//W3C//DTD XHTML 1.0 Transitional//EN"
    "http://www.w3.org/TR/xhtml1/DTD/xhtml1-transitional.dtd">
<html xmlns="http://www.w3.org/1999/xhtml" xml:lang="en" lang="en">
 <head>
  <title>
</title>
<meta http-equiv="Content-Type" content="text/html;charset=utf-8" />
  <meta name='ocr-system' content='tesseract 3.04.00' />
  <meta name='ocr-capabilities' content='ocr_page ocr_carea ocr_par ocr_line ocrx_word'/>
</head>
<body>
  <div class='ocr_page' id='page_1' title='image "./bullairedelinqui00cathuoft/bullairedelinqui00cathuoft_0382.png"; bbox 0 0 2540 4354; ppageno 0'>
   <div class='ocr_carea' id='block_1_1' title="bbox 477 342 2106 410">
    <p class='ocr_par' dir='ltr' id='par_1_1' title="bbox 477 342 2106 410">
     <span class='ocr_line' id='line_1_1' title="bbox 477 342 2106 410; baseline 0 -11"><span class='ocrx_word' id='word_1_1' title='bbox 477 346 580 402; x_wconf 77' lang='lat'><em>288</em></span> <span class='ocrx_word' id='word_1_2' title='bbox 885 363 1170 399; x_wconf 55' lang='lat' dir='ltr'><em>Butrium</em></span> <span class='ocrx_word' id='word_1_3' title='bbox 1214 365 1288 396; x_wconf 81' lang='lat' dir='ltr'><em>DE</em></span> <span class='ocrx_word' id='word_1_4' title='bbox 1333 342 1745 407; x_wconf 69' lang='lat' dir='ltr'><em>t’QOsxTon</em></span> <span class='ocrx_word' id='word_1_5' title='bbox 1790 363 2106 410; x_wconf 68' lang='lat' dir='ltr'><strong>FRANQAISE</strong></span> 
     </span>
    </p>
   </div>
   <div class='ocr_carea' id='block_1_2' title="bbox 1326 570 1663 630">
    <p class='ocr_par' dir='ltr' id='par_1_2' title="bbox 1326 519 1663 630">
     <span class='ocr_line' id='line_1_2' title="bbox 1326 570 1663 630; baseline 0.003 -1"><span class='ocrx_word' id='word_1_6' title='bbox 1326 605 1401 614; x_wconf 94' lang='grc'><em>--</em></span> <span class='ocrx_word' id='word_1_7' title='bbox 1443 570 1663 630; x_wconf 82' lang='grc'><strong>186-</strong></span> 
     </span>
    </p>
   </div>
   <div class='ocr_carea' id='block_1_3' title="bbox 473 726 2488 1644">
    <p class='ocr_par' dir='ltr' id='par_1_3' title="bbox 473 726 2488 1644">
     <span class='ocr_line' id='line_1_3' title="bbox 551 726 2488 794; baseline 0.002 -15"><span class='ocrx_word' id='word_1_8' title='bbox 551 729 785 780; x_wconf 81' lang='lat' dir='ltr'><em>Cle&#39;ment</em></span> <span class='ocrx_word' id='word_1_9' title='bbox 839 727 917 779; x_wconf 88' lang='lat' dir='ltr'><em>VI</em></span> <span class='ocrx_word' id='word_1_10' title='bbox 965 737 1178 777; x_wconf 84' lang='lat' dir='ltr'><em>commet</em></span> <span class='ocrx_word' id='word_1_11' title='bbox 1224 726 1447 793; x_wconf 66' lang='lat' dir='ltr'><em>l’e&#39;veque</em></span> <span class='ocrx_word' id='word_1_12' title='bbox 1493 727 1553 776; x_wconf 88' lang='lat' dir='ltr'><em>de</em></span> <span class='ocrx_word' id='word_1_13' title='bbox 1599 728 1963 778; x_wconf 79' lang='lat' dir='ltr'><em>Carcassonne</em></span> <span class='ocrx_word' id='word_1_14' title='bbox 2041 747 2176 794; x_wconf 82' lang='lat' dir='ltr'><em>pour</em></span> <span class='ocrx_word' id='word_1_15' title='bbox 2251 733 2488 784; x_wconf 81' lang='lat' dir='ltr'><em>entendre</em></span> 
     </span>
     <span class='ocr_line' id='line_1_4' title="bbox 479 811 2488 878; baseline 0.002 -15"><span class='ocrx_word' id='word_1_16' title='bbox 479 815 551 863; x_wconf 82' lang='lat' dir='ltr'><em>les</em></span> <span class='ocrx_word' id='word_1_17' title='bbox 597 813 754 878; x_wconf 75' lang='lat' dir='ltr'><em>griejs</em></span> <span class='ocrx_word' id='word_1_18' title='bbox 797 812 857 861; x_wconf 83' lang='lat' dir='ltr'><em>de</em></span> <span class='ocrx_word' id='word_1_19' title='bbox 901 811 1124 862; x_wconf 82' lang='lat' dir='ltr'><em>certains</em></span> <span class='ocrx_word' id='word_1_20' title='bbox 1169 811 1321 861; x_wconf 83' lang='lat' dir='ltr'><em>clercs</em></span> <span class='ocrx_word' id='word_1_21' title='bbox 1365 811 1410 861; x_wconf 72' lang='lat' dir='ltr'><em>et</em></span> <span class='ocrx_word' id='word_1_22' title='bbox 1453 812 1583 861; x_wconf 78' lang='lat' dir='ltr'><em>lat&#39;cs</em></span> <span class='ocrx_word' id='word_1_23' title='bbox 1625 812 1713 862; x_wconf 84' lang='lat' dir='ltr'><em>des</em></span> <span class='ocrx_word' id='word_1_24' title='bbox 1755 812 1980 862; x_wconf 76' lang='lat' dir='ltr'><em>dioceses</em></span> <span class='ocrx_word' id='word_1_25' title='bbox 2039 813 2100 863; x_wconf 89' lang='lat' dir='ltr'><em>de</em></span> <span class='ocrx_word' id='word_1_26' title='bbox 2167 814 2376 866; x_wconf 72' lang='lat' dir='ltr'><em>Castro-3</em></span> <span class='ocrx_word' id='word_1_27' title='bbox 2444 820 2488 867; x_wconf 74' lang='lat' dir='ltr'><em>el</em></span> 
     </span>
     <span class='ocr_line' id='line_1_5' title="bbox 481 896 2488 964; baseline 0.002 -17"><span class='ocrx_word' id='word_1_28' title='bbox 481 897 665 948; x_wconf 82' lang='lat' dir='ltr'><em>d’Albi</em></span> <span class='ocrx_word' id='word_1_29' title='bbox 700 908 869 947; x_wconf 76' lang='lat' dir='ltr'><em>contre</em></span> <span class='ocrx_word' id='word_1_30' title='bbox 903 896 1264 961; x_wconf 81' lang='lat' dir='ltr'><em>l&#39;inquisiteur</em></span> <span class='ocrx_word' id='word_1_31' title='bbox 1296 897 1357 946; x_wconf 88' lang='lat' dir='ltr'><em>de</em></span> <span class='ocrx_word' id='word_1_32' title='bbox 1393 897 1772 960; x_wconf 58' lang='lat' dir='ltr'><em>Carme-ronne,</em></span> <span class='ocrx_word' id='word_1_33' title='bbox 1809 897 2021 962; x_wconf 79' lang='lat' dir='ltr'><em>Aymon</em></span> <span class='ocrx_word' id='word_1_34' title='bbox 2055 899 2114 948; x_wconf 87' lang='lat' dir='ltr'><em>de</em></span> <span class='ocrx_word' id='word_1_35' title='bbox 2148 899 2488 964; x_wconf 74' lang='lat' dir='ltr'><em>Caumont,et</em></span> 
     </span>
     <span class='ocr_line' id='line_1_6' title="bbox 478 980 2485 1036; baseline 0.002 -4"><span class='ocrx_word' id='word_1_36' title='bbox 478 1001 573 1032; x_wconf 78' lang='lat' dir='ltr'><em>son</em></span> <span class='ocrx_word' id='word_1_37' title='bbox 601 980 960 1033; x_wconf 64' lang='lat' dir='ltr'><em>commiss-aire</em></span> <span class='ocrx_word' id='word_1_38' title='bbox 992 981 1055 1030; x_wconf 93' lang='lat' dir='ltr'><em>M</em></span> <span class='ocrx_word' id='word_1_39' title='bbox 1060 992 1172 1031; x_wconf 74' lang='lat' dir='ltr'><em>enez</em></span> <span class='ocrx_word' id='word_1_40' title='bbox 1199 981 1259 1031; x_wconf 84' lang='lat' dir='ltr'><em>de</em></span> <span class='ocrx_word' id='word_1_41' title='bbox 1289 981 1592 1032; x_wconf 77' lang='lat' dir='ltr'><em>Robeeourt.</em></span> <span class='ocrx_word' id='word_1_42' title='bbox 1625 982 1696 1032; x_wconf 92' lang='lat' dir='ltr'><em>Ce</em></span> <span class='ocrx_word' id='word_1_43' title='bbox 1725 981 1931 1032; x_wconf 84' lang='lat' dir='ltr'><em>dernier</em></span> <span class='ocrx_word' id='word_1_44' title='bbox 1959 983 2146 1033; x_wconf 80' lang='lat' dir='ltr'><em>s’e&#39;tant</em></span> <span class='ocrx_word' id='word_1_45' title='bbox 2173 983 2331 1034; x_wconf 73' lang='lat' dir='ltr'><em>laisse&#39;</em></span> <span class='ocrx_word' id='word_1_46' title='bbox 2382 1003 2485 1036; x_wconf 89' lang='lat' dir='ltr'><em>cor-</em></span> 
     </span>
     <span class='ocr_line' id='line_1_7' title="bbox 475 1065 2485 1133; baseline 0.001 -16"><span class='ocrx_word' id='word_1_47' title='bbox 475 1085 682 1133; x_wconf 84' lang='lat' dir='ltr'><em>rompre</em></span> <span class='ocrx_word' id='word_1_48' title='bbox 720 1084 821 1132; x_wconf 86' lang='lat' dir='ltr'><em>par</em></span> <span class='ocrx_word' id='word_1_49' title='bbox 864 1066 1003 1116; x_wconf 87' lang='lat' dir='ltr'><em>Jean</em></span> <span class='ocrx_word' id='word_1_50' title='bbox 1044 1066 1104 1115; x_wconf 82' lang='lat' dir='ltr'><em>de</em></span> <span class='ocrx_word' id='word_1_51' title='bbox 1145 1065 1412 1129; x_wconf 80' lang='lat' dir='ltr'><em>Lombers,</em></span> <span class='ocrx_word' id='word_1_52' title='bbox 1454 1065 1580 1131; x_wconf 74' lang='lat' dir='ltr'><em>juif,</em></span> <span class='ocrx_word' id='word_1_53' title='bbox 1625 1070 1807 1116; x_wconf 77' lang='lat' dir='ltr'><em>accuse</em></span> <span class='ocrx_word' id='word_1_54' title='bbox 1847 1066 2113 1130; x_wconf 84' lang='lat' dir='ltr'><em>d&#39;he&#39;re&#39;sie‚</em></span> <span class='ocrx_word' id='word_1_55' title='bbox 2159 1068 2217 1133; x_wconf 82' lang='lat' dir='ltr'><em>fit</em></span> <span class='ocrx_word' id='word_1_56' title='bbox 2256 1079 2369 1119; x_wconf 73' lang='lat' dir='ltr'><em>tous</em></span> <span class='ocrx_word' id='word_1_57' title='bbox 2408 1087 2485 1121; x_wconf 72' lang='lat' dir='ltr'><em>ses</em></span> 
     </span>
     <span class='ocr_line' id='line_1_8' title="bbox 474 1150 2485 1218; baseline 0.001 -17"><span class='ocrx_word' id='word_1_58' title='bbox 474 1153 643 1218; x_wconf 70' lang='lat' dir='ltr'><em>efforts</em></span> <span class='ocrx_word' id='word_1_59' title='bbox 669 1170 805 1217; x_wconf 83' lang='lat' dir='ltr'><em>pour</em></span> <span class='ocrx_word' id='word_1_60' title='bbox 832 1151 1073 1200; x_wconf 74' lang='lat' dir='ltr'><em>arr-acher</em></span> <span class='ocrx_word' id='word_1_61' title='bbox 1097 1168 1208 1200; x_wconf 77' lang='lat' dir='ltr'><em>aux</em></span> <span class='ocrx_word' id='word_1_62' title='bbox 1231 1150 1546 1216; x_wconf 82' lang='lat' dir='ltr'><em>plaignants</em></span> <span class='ocrx_word' id='word_1_63' title='bbox 1575 1169 1676 1201; x_wconf 82' lang='lat' dir='ltr'><em>une</em></span> <span class='ocrx_word' id='word_1_64' title='bbox 1701 1151 2036 1202; x_wconf 73' lang='lat' dir='ltr'><em>retractation</em></span> <span class='ocrx_word' id='word_1_65' title='bbox 2061 1153 2121 1202; x_wconf 88' lang='lat' dir='ltr'><em>de</em></span> <span class='ocrx_word' id='word_1_66' title='bbox 2147 1153 2285 1202; x_wconf 81' lang='lat' dir='ltr'><em>leurs</em></span> <span class='ocrx_word' id='word_1_67' title='bbox 2310 1154 2485 1205; x_wconf 81' lang='lat' dir='ltr'><em>te&#39;moi-</em></span> 
     </span>
     <span class='ocr_line' id='line_1_9' title="bbox 478 1235 2485 1304; baseline 0.001 -18"><span class='ocrx_word' id='word_1_68' title='bbox 478 1255 671 1301; x_wconf 82' lang='lat' dir='ltr'><em>gnages</em></span> <span class='ocrx_word' id='word_1_69' title='bbox 715 1247 884 1286; x_wconf 84' lang='lat' dir='ltr'><em>contre</em></span> <span class='ocrx_word' id='word_1_70' title='bbox 927 1236 971 1285; x_wconf 85' lang='lat' dir='ltr'><em>le</em></span> <span class='ocrx_word' id='word_1_71' title='bbox 1012 1236 1294 1300; x_wconf 81' lang='lat' dir='ltr'><em>coupable;</em></span> <span class='ocrx_word' id='word_1_72' title='bbox 1340 1235 1430 1301; x_wconf 79' lang='lat' dir='ltr'><em>n’y</em></span> <span class='ocrx_word' id='word_1_73' title='bbox 1472 1247 1706 1301; x_wconf 68' lang='lat' dir='ltr'><em>pouvant</em></span> <span class='ocrx_word' id='word_1_74' title='bbox 1749 1236 1964 1299; x_wconf 73' lang='lat' dir='ltr'><em>reussir,</em></span> <span class='ocrx_word' id='word_1_75' title='bbox 2011 1236 2051 1287; x_wconf 80' lang='lat' dir='ltr'><em>il</em></span> <span class='ocrx_word' id='word_1_76' title='bbox 2095 1237 2154 1302; x_wconf 80' lang='lat' dir='ltr'><em>fit</em></span> <span class='ocrx_word' id='word_1_77' title='bbox 2211 1237 2485 1304; x_wconf 69' lang='lat' dir='ltr'><em>interpolet</em></span> 
     </span>
     <span class='ocr_line' id='line_1_10' title="bbox 476 1320 2482 1387; baseline 0.002 -17"><span class='ocrx_word' id='word_1_78' title='bbox 476 1322 520 1370; x_wconf 87' lang='lat' dir='ltr'><em>le</em></span> <span class='ocrx_word' id='word_1_79' title='bbox 552 1332 678 1371; x_wconf 73' lang='lat' dir='ltr'><em>texte</em></span> <span class='ocrx_word' id='word_1_80' title='bbox 710 1322 797 1371; x_wconf 75' lang='lat' dir='ltr'><em>des</em></span> <span class='ocrx_word' id='word_1_81' title='bbox 830 1320 1170 1385; x_wconf 71' lang='lat' dir='ltr'><em>depositione,</em></span> <span class='ocrx_word' id='word_1_82' title='bbox 1205 1339 1257 1370; x_wconf 85' lang='lat' dir='ltr'><em>se</em></span> <span class='ocrx_word' id='word_1_83' title='bbox 1290 1323 1551 1371; x_wconf 66' lang='lat' dir='ltr'><em>reservant</em></span> <span class='ocrx_word' id='word_1_84' title='bbox 1583 1321 1836 1371; x_wconf 77' lang='lat' dir='ltr'><em>d’exercer</em></span> <span class='ocrx_word' id='word_1_85' title='bbox 1866 1322 1955 1371; x_wconf 82' lang='lat' dir='ltr'><em>des</em></span> <span class='ocrx_word' id='word_1_86' title='bbox 1986 1322 2285 1387; x_wconf 77' lang='lat' dir='ltr'><em>poursuites</em></span> <span class='ocrx_word' id='word_1_87' title='bbox 2317 1333 2482 1375; x_wconf 78' lang='lat' dir='ltr'><em>contre</em></span> 
     </span>
     <span class='ocr_line' id='line_1_11' title="bbox 476 1405 2482 1473; baseline 0.002 -19"><span class='ocrx_word' id='word_1_88' title='bbox 476 1406 613 1456; x_wconf 79' lang='lat' dir='ltr'><em>leurs</em></span> <span class='ocrx_word' id='word_1_89' title='bbox 654 1417 883 1456; x_wconf 78' lang='lat' dir='ltr'><em>auteurs,</em></span> <span class='ocrx_word' id='word_1_90' title='bbox 927 1405 1146 1456; x_wconf 68' lang='lat' dir='ltr'><em>Ceam-ci</em></span> <span class='ocrx_word' id='word_1_91' title='bbox 1187 1405 1362 1470; x_wconf 73' lang='lat' dir='ltr'><em>jurent</em></span> <span class='ocrx_word' id='word_1_92' title='bbox 1400 1405 1562 1455; x_wconf 82' lang='lat' dir='ltr'><em>saisis</em></span> <span class='ocrx_word' id='word_1_93' title='bbox 1602 1425 1702 1472; x_wconf 85' lang='lat' dir='ltr'><em>par</em></span> <span class='ocrx_word' id='word_1_94' title='bbox 1742 1407 1887 1457; x_wconf 85' lang='lat' dir='ltr'><em>ordre</em></span> <span class='ocrx_word' id='word_1_95' title='bbox 1927 1407 1987 1456; x_wconf 88' lang='lat' dir='ltr'><em>de</em></span> <span class='ocrx_word' id='word_1_96' title='bbox 2027 1406 2399 1473; x_wconf 80' lang='lat' dir='ltr'><em>l’inquisiteur,</em></span> <span class='ocrx_word' id='word_1_97' title='bbox 2439 1409 2482 1459; x_wconf 82' lang='lat' dir='ltr'><em>le</em></span> 
     </span>
     <span class='ocr_line' id='line_1_12' title="bbox 474 1489 2480 1559; baseline 0.001 -19"><span class='ocrx_word' id='word_1_98' title='bbox 474 1490 542 1540; x_wconf 80' lang='lat'><em>25</em></span> <span class='ocrx_word' id='word_1_99' title='bbox 574 1490 834 1540; x_wconf 78' lang='lat' dir='ltr'><em>decembre</em></span> <span class='ocrx_word' id='word_1_100' title='bbox 867 1489 1021 1555; x_wconf 79' lang='lat'><strong><em>1342,</em></strong></span> <span class='ocrx_word' id='word_1_101' title='bbox 1057 1501 1102 1540; x_wconf 80' lang='lat' dir='ltr'><em>et</em></span> <span class='ocrx_word' id='word_1_102' title='bbox 1132 1489 1258 1555; x_wconf 81' lang='lat' dir='ltr'><em>jete&#39;s</em></span> <span class='ocrx_word' id='word_1_103' title='bbox 1291 1490 1425 1540; x_wconf 87' lang='lat' dir='ltr'><em>dans</em></span> <span class='ocrx_word' id='word_1_104' title='bbox 1462 1490 1548 1540; x_wconf 82' lang='lat' dir='ltr'><em>des</em></span> <span class='ocrx_word' id='word_1_105' title='bbox 1582 1491 1783 1541; x_wconf 81' lang='lat' dir='ltr'><em>cachots</em></span> <span class='ocrx_word' id='word_1_106' title='bbox 1801 1492 2032 1555; x_wconf 65' lang='lat' dir='ltr'><em>obscure,</em></span> <span class='ocrx_word' id='word_1_107' title='bbox 2052 1491 2174 1542; x_wconf 79' lang='grc' dir='ltr'><em>άόἀ</em></span> <span class='ocrx_word' id='word_1_108' title='bbox 2207 1492 2314 1542; x_wconf 88' lang='lat' dir='ltr'><em>l’on</em></span> <span class='ocrx_word' id='word_1_109' title='bbox 2345 1495 2480 1559; x_wconf 72' lang='lat' dir='ltr'><em>espe-</em></span> 
     </span>
     <span class='ocr_line' id='line_1_13' title="bbox 473 1574 2479 1644; baseline 0.002 -20"><span class='ocrx_word' id='word_1_110' title='bbox 473 1575 577 1625; x_wconf 84' lang='lat' dir='ltr'><em>rait</em></span> <span class='ocrx_word' id='word_1_111' title='bbox 620 1593 715 1640; x_wconf 81' lang='lat' dir='ltr'><em>que</em></span> <span class='ocrx_word' id='word_1_112' title='bbox 757 1575 895 1624; x_wconf 77' lang='lat' dir='ltr'><em>leurs</em></span> <span class='ocrx_word' id='word_1_113' title='bbox 938 1574 1306 1640; x_wconf 68' lang='lat' dir='ltr'><em>protestatione</em></span> <span class='ocrx_word' id='word_1_114' title='bbox 1349 1575 1704 1626; x_wconf 65' lang='lat' dir='ltr'><em>s’e&#39;leveraient</em></span> <span class='ocrx_word' id='word_1_115' title='bbox 1747 1576 2057 1628; x_wconf 72' lang='lat' dir='ltr'><em>vainement.</em></span> <span class='ocrx_word' id='word_1_116' title='bbox 2103 1605 2172 1612; x_wconf 95' lang='lat'><em>—-</em></span> <span class='ocrx_word' id='word_1_117' title='bbox 2215 1577 2479 1644; x_wconf 88' lang='lat' dir='ltr'><em>Avignon,</em></span> 
     </span>
    </p>
   </div>
   <div class='ocr_carea' id='block_1_4' title="bbox 473 1659 991 1725">
    <p class='ocr_par' dir='ltr' id='par_1_4' title="bbox 473 1659 991 1725">
     <span class='ocr_line' id='line_1_14' title="bbox 473 1659 991 1725; baseline 0.002 -16"><span class='ocrx_word' id='word_1_118' title='bbox 473 1660 535 1709; x_wconf 88' lang='lat'><em>31</em></span> <span class='ocrx_word' id='word_1_119' title='bbox 580 1659 795 1725; x_wconf 80' lang='lat' dir='ltr'><em>janvier</em></span> <span class='ocrx_word' id='word_1_120' title='bbox 839 1659 991 1711; x_wconf 88' lang='grc'><strong>1343.</strong></span> 
     </span>
    </p>
   </div>
   <div class='ocr_carea' id='block_1_5' title="bbox 763 1793 2483 1920">
    <p class='ocr_par' dir='ltr' id='par_1_5' title="bbox 763 1793 2483 1920">
     <span class='ocr_line' id='line_1_15' title="bbox 826 1793 2483 1851; baseline 0.002 -16"><span class='ocrx_word' id='word_1_121' title='bbox 826 1793 932 1847; x_wconf 87' lang='lat' dir='ltr'><em>Reg.</em></span> <span class='ocrx_word' id='word_1_122' title='bbox 960 1794 1115 1846; x_wconf 58' lang='lat' dir='ltr'><em>Aven„</em></span> <span class='ocrx_word' id='word_1_123' title='bbox 1145 1802 1179 1835; x_wconf 90' lang='lat' dir='ltr'><em>t.</em></span> <span class='ocrx_word' id='word_1_124' title='bbox 1210 1808 1305 1846; x_wconf 76' lang='lat' dir='ltr'><em>mu,</em></span> <span class='ocrx_word' id='word_1_125' title='bbox 1334 1793 1409 1835; x_wconf 80' lang='lat' dir='ltr'><em>fol.</em></span> <span class='ocrx_word' id='word_1_126' title='bbox 1439 1795 1522 1836; x_wconf 88' lang='lat'><em>457</em></span> <span class='ocrx_word' id='word_1_127' title='bbox 1553 1800 1624 1844; x_wconf 91' lang='lat' dir='ltr'><em>v⁰;</em></span> <span class='ocrx_word' id='word_1_128' title='bbox 1654 1794 1780 1837; x_wconf 89' lang='lat' dir='ltr'><strong>J.-M.</strong></span> <span class='ocrx_word' id='word_1_129' title='bbox 1811 1794 1958 1849; x_wconf 86' lang='lat' dir='ltr'><em>Vidal,</em></span> <span class='ocrx_word' id='word_1_130' title='bbox 1986 1795 2136 1837; x_wconf 80' lang='lat' dir='ltr'><em>Menet</em></span> <span class='ocrx_word' id='word_1_131' title='bbox 2162 1796 2212 1836; x_wconf 88' lang='lat' dir='ltr'><em>de</em></span> <span class='ocrx_word' id='word_1_132' title='bbox 2238 1795 2483 1851; x_wconf 50' lang='lat' dir='ltr'><em>Robecourt,</em></span> 
     </span>
     <span class='ocr_line' id='line_1_16' title="bbox 763 1860 1755 1920; baseline 0 -13"><span class='ocrx_word' id='word_1_133' title='bbox 763 1866 876 1907; x_wconf 87' lang='lat' dir='ltr'><em>dans</em></span> <span class='ocrx_word' id='word_1_134' title='bbox 905 1860 1071 1919; x_wconf 80' lang='lat' dir='ltr'><em>Moy&#39;en</em></span> <span class='ocrx_word' id='word_1_135' title='bbox 1099 1865 1193 1918; x_wconf 70' lang='lat' dir='ltr'><em>(ige,</em></span> <span class='ocrx_word' id='word_1_136' title='bbox 1222 1865 1351 1917; x_wconf 81' lang='lat'><strong>1903,</strong></span> <span class='ocrx_word' id='word_1_137' title='bbox 1381 1880 1424 1919; x_wconf 91' lang='lat' dir='ltr'><em>p.</em></span> <span class='ocrx_word' id='word_1_138' title='bbox 1458 1865 1507 1906; x_wconf 83' lang='lat'><em>21</em></span> <span class='ocrx_word' id='word_1_139' title='bbox 1546 1865 1611 1920; x_wconf 88' lang='lat' dir='ltr'><em>(in</em></span> <span class='ocrx_word' id='word_1_140' title='bbox 1640 1865 1755 1919; x_wconf 58' lang='lat' dir='ltr'><em>ext).</em></span> 
     </span>
    </p>
   </div>
   <div class='ocr_carea' id='block_1_6' title="bbox 462 1985 2540 3831">
    <p class='ocr_par' dir='ltr' id='par_1_6' title="bbox 462 1985 2540 3831">
     <span class='ocr_line' id='line_1_17' title="bbox 546 1985 2479 2053; baseline 0.001 -15"><span class='ocrx_word' id='word_1_141' title='bbox 546 1986 861 2039; x_wconf 83' lang='lat' dir='ltr'><em>Venerabili</em></span> <span class='ocrx_word' id='word_1_142' title='bbox 908 1985 1117 2038; x_wconf 84' lang='lat' dir='ltr'><em>fratri..</em></span> <span class='ocrx_word' id='word_1_143' title='bbox 1150 1985 1169 2016; x_wconf 79' lang='lat'>1</span> <span class='ocrx_word' id='word_1_144' title='bbox 1219 1986 1474 2053; x_wconf 91' lang='lat' dir='ltr'><em>episcopo</em></span> <span class='ocrx_word' id='word_1_145' title='bbox 1526 1987 1934 2051; x_wconf 87' lang='lat' dir='ltr'><em>Carcassonen.‚</em></span> <span class='ocrx_word' id='word_1_146' title='bbox 1971 1989 2226 2051; x_wconf 88' lang='lat' dir='ltr'><em>salutem,</em></span> <span class='ocrx_word' id='word_1_147' title='bbox 2266 1999 2367 2040; x_wconf 88' lang='lat' dir='ltr'><em>etc.</em></span> <span class='ocrx_word' id='word_1_148' title='bbox 2413 2016 2479 2027; x_wconf 89' lang='lat'><em>—·</em></span> 
     </span>
     <span class='ocr_line' id='line_1_18' title="bbox 473 2071 2472 2138; baseline 0.001 -15"><span class='ocrx_word' id='word_1_149' title='bbox 473 2072 649 2123; x_wconf 84' lang='lat' dir='ltr'><em>Officii</em></span> <span class='ocrx_word' id='word_1_150' title='bbox 674 2071 850 2123; x_wconf 81' lang='lat' dir='ltr'><strong>nostri</strong></span> <span class='ocrx_word' id='word_1_151' title='bbox 876 2071 1127 2122; x_wconf 88' lang='lat' dir='ltr'><em>debitum</em></span> <span class='ocrx_word' id='word_1_152' title='bbox 1153 2071 1324 2136; x_wconf 82' lang='lat' dir='ltr'><strong>exigit</strong></span> <span class='ocrx_word' id='word_1_153' title='bbox 1351 2082 1414 2121; x_wconf 90' lang='lat' dir='ltr'><em>ut</em></span> <span class='ocrx_word' id='word_1_154' title='bbox 1439 2090 1537 2122; x_wconf 89' lang='lat' dir='ltr'><em>nos</em></span> <span class='ocrx_word' id='word_1_155' title='bbox 1567 2072 1660 2138; x_wconf 91' lang='lat' dir='ltr'><em>qui</em></span> <span class='ocrx_word' id='word_1_156' title='bbox 1686 2091 1873 2123; x_wconf 88' lang='lat' dir='ltr'><em>sumus</em></span> <span class='ocrx_word' id='word_1_157' title='bbox 1902 2073 2156 2123; x_wconf 90' lang='lat' dir='ltr'><em>omnibus</em></span> <span class='ocrx_word' id='word_1_158' title='bbox 2183 2073 2237 2124; x_wconf 93' lang='lat' dir='ltr'><em>in</em></span> <span class='ocrx_word' id='word_1_159' title='bbox 2264 2073 2472 2126; x_wconf 87' lang='lat' dir='ltr'><em>iusticia</em></span> 
     </span>
     <span class='ocr_line' id='line_1_19' title="bbox 471 2156 2474 2222; baseline 0.001 -15"><span class='ocrx_word' id='word_1_160' title='bbox 471 2157 745 2211; x_wconf 73' lang='lat' dir='ltr'><em>debitores</em></span> <span class='ocrx_word' id='word_1_161' title='bbox 799 2175 920 2207; x_wconf 88' lang='lat' dir='ltr'><em>eam</em></span> <span class='ocrx_word' id='word_1_162' title='bbox 976 2156 1186 2206; x_wconf 89' lang='lat' dir='ltr'><em>cunctis</em></span> <span class='ocrx_word' id='word_1_163' title='bbox 1241 2156 1594 2222; x_wconf 87' lang='lat' dir='ltr'><em>poscentibus</em></span> <span class='ocrx_word' id='word_1_164' title='bbox 1650 2156 2039 2209; x_wconf 82' lang='lat' dir='ltr'><em>ministremus.</em></span> <span class='ocrx_word' id='word_1_165' title='bbox 2100 2157 2359 2210; x_wconf 52' lang='lat' dir='ltr'><em>Eihibita</em></span> <span class='ocrx_word' id='word_1_166' title='bbox 2410 2158 2474 2209; x_wconf 85' lang='lat' dir='ltr'><em>si·</em></span> 
     </span>
     <span class='ocr_line' id='line_1_20' title="bbox 471 2241 2472 2308; baseline 0.001 -17"><span class='ocrx_word' id='word_1_167' title='bbox 471 2242 695 2308; x_wconf 88' lang='lat' dir='ltr'><em>quidem</em></span> <span class='ocrx_word' id='word_1_168' title='bbox 732 2242 887 2292; x_wconf 90' lang='lat' dir='ltr'><em>nobis</em></span> <span class='ocrx_word' id='word_1_169' title='bbox 927 2259 1023 2307; x_wconf 90' lang='lat' dir='ltr'><em>pro</em></span> <span class='ocrx_word' id='word_1_170' title='bbox 1063 2251 1219 2307; x_wconf 88' lang='lat' dir='ltr'><em>parte</em></span> <span class='ocrx_word' id='word_1_171' title='bbox 1258 2241 1582 2291; x_wconf 90' lang='lat' dir='ltr'><em>dilectorum</em></span> <span class='ocrx_word' id='word_1_172' title='bbox 1624 2241 1860 2292; x_wconf 90' lang='lat' dir='ltr'><em>filiorum</em></span> <span class='ocrx_word' id='word_1_173' title='bbox 1899 2242 2095 2292; x_wconf 83' lang='lat' dir='ltr'><em>Amelii</em></span> <span class='ocrx_word' id='word_1_174' title='bbox 2133 2242 2372 2306; x_wconf 88' lang='lat' dir='ltr'><em>Massoti,</em></span> <span class='ocrx_word' id='word_1_175' title='bbox 2410 2242 2472 2293; x_wconf 83' lang='lat' dir='ltr'><em>de</em></span> 
     </span>
     <span class='ocr_line' id='line_1_21' title="bbox 469 2325 2474 2392; baseline 0 -16"><span class='ocrx_word' id='word_1_176' title='bbox 469 2326 772 2378; x_wconf 85' lang='lat' dir='ltr'><em>Brisatesta</em></span> <span class='ocrx_word' id='word_1_177' title='bbox 815 2325 852 2387; x_wconf 81' lang='lat'><em>2,</em></span> <span class='ocrx_word' id='word_1_178' title='bbox 897 2326 1079 2386; x_wconf 86' lang='lat' dir='ltr'><em>soluti,</em></span> <span class='ocrx_word' id='word_1_179' title='bbox 1129 2326 1366 2376; x_wconf 87' lang='lat' dir='ltr'><em>Duranti</em></span> <span class='ocrx_word' id='word_1_180' title='bbox 1411 2326 1539 2388; x_wconf 85' lang='lat' dir='ltr'><em>Ros,</em></span> <span class='ocrx_word' id='word_1_181' title='bbox 1588 2327 1907 2392; x_wconf 85' lang='lat' dir='ltr'><em>Raymundi</em></span> <span class='ocrx_word' id='word_1_182' title='bbox 1949 2327 2015 2376; x_wconf 93' lang='lat' dir='ltr'><em>de</em></span> <span class='ocrx_word' id='word_1_183' title='bbox 2062 2327 2239 2390; x_wconf 89' lang='lat' dir='ltr'><em>Ulmo,</em></span> <span class='ocrx_word' id='word_1_184' title='bbox 2284 2325 2474 2378; x_wconf 82' lang='lat' dir='ltr'><em>Jacobi</em></span> 
     </span>
     <span class='ocr_line' id='line_1_22' title="bbox 471 2410 2470 2477; baseline 0.001 -17"><span class='ocrx_word' id='word_1_185' title='bbox 471 2410 746 2472; x_wconf 78' lang='lat' dir='ltr'><em>Matfredi,</em></span> <span class='ocrx_word' id='word_1_186' title='bbox 783 2411 849 2459; x_wconf 87' lang='lat' dir='ltr'><em>de</em></span> <span class='ocrx_word' id='word_1_187' title='bbox 886 2410 1183 2460; x_wconf 86' lang='lat' dir='ltr'><em>Graulheto</em></span> <span class='ocrx_word' id='word_1_188' title='bbox 1205 2412 1240 2471; x_wconf 81' lang='grc'><em>3,</em></span> <span class='ocrx_word' id='word_1_189' title='bbox 1277 2421 1332 2459; x_wconf 87' lang='lat' dir='ltr'><em>et</em></span> <span class='ocrx_word' id='word_1_190' title='bbox 1371 2410 1545 2461; x_wconf 88' lang='lat' dir='ltr'><em>Isarni</em></span> <span class='ocrx_word' id='word_1_191' title='bbox 1576 2410 1641 2460; x_wconf 90' lang='lat' dir='ltr'><em>de</em></span> <span class='ocrx_word' id='word_1_192' title='bbox 1677 2411 1885 2473; x_wconf 88' lang='lat' dir='ltr'><em>Cunho,</em></span> <span class='ocrx_word' id='word_1_193' title='bbox 1923 2412 1988 2461; x_wconf 89' lang='lat' dir='ltr'><em>de</em></span> <span class='ocrx_word' id='word_1_194' title='bbox 2026 2411 2402 2477; x_wconf 87' lang='lat' dir='ltr'><em>Podiobegone</em></span> <span class='ocrx_word' id='word_1_195' title='bbox 2434 2411 2470 2473; x_wconf 87' lang='lat'><em>⁴,</em></span> 
     </span>
     <span class='ocr_line' id='line_1_23' title="bbox 470 2494 2471 2560; baseline 0 -16"><span class='ocrx_word' id='word_1_196' title='bbox 470 2495 890 2560; x_wconf 87' lang='lat' dir='ltr'><em>coniugatorum</em></span> <span class='ocrx_word' id='word_1_197' title='bbox 927 2494 1262 2556; x_wconf 84' lang='lat' dir='ltr'><em>clericorum,</em></span> <span class='ocrx_word' id='word_1_198' title='bbox 1302 2505 1357 2544; x_wconf 89' lang='lat' dir='ltr'><em>et</em></span> <span class='ocrx_word' id='word_1_199' title='bbox 1397 2495 1671 2545; x_wconf 90' lang='lat' dir='ltr'><em>Guillelmi</em></span> <span class='ocrx_word' id='word_1_200' title='bbox 1708 2495 1976 2559; x_wconf 87' lang='lat' dir='ltr'><em>Textoris,</em></span> <span class='ocrx_word' id='word_1_201' title='bbox 2001 2506 2071 2546; x_wconf 81' lang='lat' dir='ltr'><em>-et</em></span> <span class='ocrx_word' id='word_1_202' title='bbox 2107 2496 2374 2547; x_wconf 85' lang='lat' dir='ltr'><em>Johannis</em></span> <span class='ocrx_word' id='word_1_203' title='bbox 2408 2494 2471 2546; x_wconf 89' lang='lat' dir='ltr'><em>de</em></span> 
     </span>
     <span class='ocr_line' id='line_1_24' title="bbox 467 2578 2470 2647; baseline 0.001 -19"><span class='ocrx_word' id='word_1_204' title='bbox 467 2579 679 2642; x_wconf 87' lang='lat' dir='ltr'><em>Broliis,</em></span> <span class='ocrx_word' id='word_1_205' title='bbox 727 2579 1009 2641; x_wconf 90' lang='lat' dir='ltr'><em>laicorum,</em></span> <span class='ocrx_word' id='word_1_206' title='bbox 1059 2578 1302 2630; x_wconf 80' lang='lat' dir='ltr'><em>Castren.</em></span> <span class='ocrx_word' id='word_1_207' title='bbox 1353 2590 1408 2629; x_wconf 91' lang='lat' dir='ltr'><em>et</em></span> <span class='ocrx_word' id='word_1_208' title='bbox 1458 2579 1670 2631; x_wconf 87' lang='lat' dir='ltr'><em>Albien.</em></span> <span class='ocrx_word' id='word_1_209' title='bbox 1720 2580 2018 2644; x_wconf 87' lang='lat' dir='ltr'><em>diocesum,</em></span> <span class='ocrx_word' id='word_1_210' title='bbox 2065 2579 2266 2647; x_wconf 75' lang='lat' dir='ltr'><em>petitio.</em></span> <span class='ocrx_word' id='word_1_211' title='bbox 2307 2579 2470 2631; x_wconf 86' lang='lat' dir='ltr'><em>conti·</em></span> 
     </span>
     <span class='ocr_line' id='line_1_25' title="bbox 466 2663 2468 2731; baseline 0 -16"><span class='ocrx_word' id='word_1_212' title='bbox 466 2666 636 2716; x_wconf 85' lang='lat' dir='ltr'><em>nebat</em></span> <span class='ocrx_word' id='word_1_213' title='bbox 666 2664 812 2730; x_wconf 92' lang='lat' dir='ltr'><em>quod</em></span> <span class='ocrx_word' id='word_1_214' title='bbox 843 2681 968 2713; x_wconf 89' lang='lat' dir='ltr'><em>cum</em></span> <span class='ocrx_word' id='word_1_215' title='bbox 996 2663 1208 2714; x_wconf 91' lang='lat' dir='ltr'><em>dudum</em></span> <span class='ocrx_word' id='word_1_216' title='bbox 1238 2664 1464 2731; x_wconf 86' lang='lat' dir='ltr'><em>quidam</em></span> <span class='ocrx_word' id='word_1_217' title='bbox 1493 2665 1714 2715; x_wconf 88' lang='lat' dir='ltr'><em>nomine</em></span> <span class='ocrx_word' id='word_1_218' title='bbox 1745 2665 1778 2715; x_wconf 90' lang='lat' dir='ltr'>J</span> <span class='ocrx_word' id='word_1_219' title='bbox 1784 2666 2026 2716; x_wconf 87' lang='lat' dir='ltr'><em>ohannes</em></span> <span class='ocrx_word' id='word_1_220' title='bbox 2056 2665 2123 2715; x_wconf 84' lang='lat' dir='ltr'><em>de</em></span> <span class='ocrx_word' id='word_1_221' title='bbox 2151 2665 2406 2716; x_wconf 87' lang='lat' dir='ltr'><em>Lombers</em></span> <span class='ocrx_word' id='word_1_222' title='bbox 2434 2666 2468 2726; x_wconf 79' lang='lat'><em>⁶,</em></span> 
     </span>
     <span class='ocr_line' id='line_1_26' title="bbox 468 2749 2466 2815; baseline -0.001 -16"><span class='ocrx_word' id='word_1_223' title='bbox 468 2749 599 2799; x_wconf 91' lang='lat' dir='ltr'><em>olim</em></span> <span class='ocrx_word' id='word_1_224' title='bbox 635 2750 849 2812; x_wconf 89' lang='lat' dir='ltr'><em>iudeus,</em></span> <span class='ocrx_word' id='word_1_225' title='bbox 888 2767 1072 2800; x_wconf 86' lang='lat' dir='ltr'><em>coram</em></span> <span class='ocrx_word' id='word_1_226' title='bbox 1109 2749 1308 2799; x_wconf 90' lang='lat' dir='ltr'><em>dilecto</em></span> <span class='ocrx_word' id='word_1_227' title='bbox 1349 2749 1459 2800; x_wconf 90' lang='lat' dir='ltr'><em>filio</em></span> <span class='ocrx_word' id='word_1_228' title='bbox 1532 2750 1782 2815; x_wconf 83' lang='lat' dir='ltr'><em>Aymone</em></span> <span class='ocrx_word' id='word_1_229' title='bbox 1820 2751 1886 2800; x_wconf 90' lang='lat' dir='ltr'><em>de</em></span> <span class='ocrx_word' id='word_1_230' title='bbox 1924 2750 2283 2801; x_wconf 88' lang='lat' dir='ltr'><em>Calvomonte</em></span> <span class='ocrx_word' id='word_1_231' title='bbox 2314 2749 2352 2812; x_wconf 80' lang='lat'><em>⁶,</em></span> <span class='ocrx_word' id='word_1_232' title='bbox 2388 2766 2466 2799; x_wconf 91' lang='lat' dir='ltr'><em>or-</em></span> 
     </span>
     <span class='ocr_line' id='line_1_27' title="bbox 465 2833 2466 2902; baseline 0 -17"><span class='ocrx_word' id='word_1_233' title='bbox 465 2834 606 2885; x_wconf 89' lang='lat' dir='ltr'><em>dinis</em></span> <span class='ocrx_word' id='word_1_234' title='bbox 664 2833 1092 2901; x_wconf 80' lang='lat' dir='ltr'><em>predicatorum,</em></span> <span class='ocrx_word' id='word_1_235' title='bbox 1149 2834 1471 2901; x_wconf 79' lang='lat' dir='ltr'><em>inquisitore</em></span> <span class='ocrx_word' id='word_1_236' title='bbox 1531 2836 1767 2886; x_wconf 86' lang='lat' dir='ltr'><em>heretice</em></span> <span class='ocrx_word' id='word_1_237' title='bbox 1824 2835 2118 2902; x_wconf 85' lang='lat' dir='ltr'><em>pravitatis</em></span> <span class='ocrx_word' id='word_1_238' title='bbox 2189 2835 2244 2886; x_wconf 90' lang='lat' dir='ltr'><em>in</em></span> <span class='ocrx_word' id='word_1_239' title='bbox 2310 2851 2466 2901; x_wconf 88' lang='lat' dir='ltr'><em>regno</em></span> 
     </span>
     <span class='ocr_line' id='line_1_28' title="bbox 468 2918 2469 2987; baseline 0.001 -20"><span class='ocrx_word' id='word_1_240' title='bbox 468 2918 692 2970; x_wconf 87' lang='lat' dir='ltr'><em>Francie</em></span> <span class='ocrx_word' id='word_1_241' title='bbox 734 2918 1068 2969; x_wconf 89' lang='lat' dir='ltr'><em>auctoritate</em></span> <span class='ocrx_word' id='word_1_242' title='bbox 1110 2919 1412 2986; x_wconf 85' lang='lat' dir='ltr'><em>apostolica</em></span> <span class='ocrx_word' id='word_1_243' title='bbox 1455 2921 1744 2987; x_wconf 84' lang='lat' dir='ltr'><em>deputato,</em></span> <span class='ocrx_word' id='word_1_244' title='bbox 1786 2920 1842 2971; x_wconf 92' lang='lat' dir='ltr'><em>in</em></span> <span class='ocrx_word' id='word_1_245' title='bbox 1884 2920 2215 2971; x_wconf 82' lang='lat' dir='ltr'><em>Carcassona</em></span> <span class='ocrx_word' id='word_1_246' title='bbox 2235 2936 2469 2970; x_wconf 89' lang='lat' dir='ltr'><em>commu-</em></span> 
     </span>
     <span class='ocr_line' id='line_1_29' title="bbox 464 3003 2464 3067; baseline 0.001 -15"><span class='ocrx_word' id='word_1_247' title='bbox 464 3004 606 3053; x_wconf 85' lang='lat' dir='ltr'><em>niter</em></span> <span class='ocrx_word' id='word_1_248' title='bbox 633 3003 923 3064; x_wconf 85' lang='lat' dir='ltr'><em>residente,</em></span> <span class='ocrx_word' id='word_1_249' title='bbox 954 3014 1009 3052; x_wconf 89' lang='lat' dir='ltr'><em>et</em></span> <span class='ocrx_word' id='word_1_250' title='bbox 1039 3003 1298 3054; x_wconf 85' lang='lat' dir='ltr'><em>Manneto</em></span> <span class='ocrx_word' id='word_1_251' title='bbox 1330 3004 1395 3053; x_wconf 89' lang='lat' dir='ltr'><em>de</em></span> <span class='ocrx_word' id='word_1_252' title='bbox 1427 3004 1829 3067; x_wconf 67' lang='lat' dir='ltr'><em>Roberficuria,</em></span> <span class='ocrx_word' id='word_1_253' title='bbox 1860 3022 1915 3055; x_wconf 86' lang='lat' dir='ltr'><em>se</em></span> <span class='ocrx_word' id='word_1_254' title='bbox 1943 3004 2220 3054; x_wconf 87' lang='lat' dir='ltr'><em>notarium</em></span> <span class='ocrx_word' id='word_1_255' title='bbox 2248 3014 2302 3054; x_wconf 87' lang='lat' dir='ltr'><em>et</em></span> <span class='ocrx_word' id='word_1_256' title='bbox 2330 3021 2464 3053; x_wconf 90' lang='lat' dir='ltr'><em>com-</em></span> 
     </span>
     <span class='ocr_line' id='line_1_30' title="bbox 466 3087 2463 3155; baseline -0.001 -18"><span class='ocrx_word' id='word_1_257' title='bbox 466 3088 774 3148; x_wconf 84' lang='lat' dir='ltr'><em>missarium</em></span> <span class='ocrx_word' id='word_1_258' title='bbox 813 3087 1188 3152; x_wconf 87' lang='lat' dir='ltr'><em>Inquisitionis</em></span> <span class='ocrx_word' id='word_1_259' title='bbox 1221 3089 1515 3155; x_wconf 83' lang='lat' dir='ltr'><em>pravitatis</em></span> <span class='ocrx_word' id='word_1_260' title='bbox 1547 3089 1793 3139; x_wconf 88' lang='lat' dir='ltr'><em>eiusdem</em></span> <span class='ocrx_word' id='word_1_261' title='bbox 1825 3100 1958 3138; x_wconf 90' lang='lat' dir='ltr'><em>tunc</em></span> <span class='ocrx_word' id='word_1_262' title='bbox 1992 3089 2223 3151; x_wconf 83' lang='lat' dir='ltr'><em>dicente,</em></span> <span class='ocrx_word' id='word_1_263' title='bbox 2257 3088 2321 3139; x_wconf 89' lang='lat' dir='ltr'><em>de</em></span> <span class='ocrx_word' id='word_1_264' title='bbox 2351 3103 2463 3153; x_wconf 81' lang='lat' dir='ltr'><em>pra·</em></span> 
     </span>
     <span class='ocr_line' id='line_1_31' title="bbox 466 3169 2462 3239; baseline -0.001 -17"><span class='ocrx_word' id='word_1_265' title='bbox 466 3172 641 3223; x_wconf 87' lang='lat' dir='ltr'><em>vitate</em></span> <span class='ocrx_word' id='word_1_266' title='bbox 691 3172 808 3237; x_wconf 88' lang='lat' dir='ltr'><em>ipsa</em></span> <span class='ocrx_word' id='word_1_267' title='bbox 862 3172 1077 3222; x_wconf 83' lang='lat' dir='ltr'><em>delatus</em></span> <span class='ocrx_word' id='word_1_268' title='bbox 1131 3172 1342 3235; x_wconf 85' lang='lat' dir='ltr'><em>fuisset,</em></span> <span class='ocrx_word' id='word_1_269' title='bbox 1396 3184 1451 3223; x_wconf 87' lang='lat' dir='ltr'><em>et</em></span> <span class='ocrx_word' id='word_1_270' title='bbox 1505 3174 1681 3224; x_wconf 91' lang='lat' dir='ltr'><em>clerici</em></span> <span class='ocrx_word' id='word_1_271' title='bbox 1733 3192 1795 3224; x_wconf 87' lang='lat' dir='ltr'><em>ac</em></span> <span class='ocrx_word' id='word_1_272' title='bbox 1846 3173 1969 3224; x_wconf 89' lang='lat' dir='ltr'><em>laici</em></span> <span class='ocrx_word' id='word_1_273' title='bbox 2034 3172 2332 3239; x_wconf 86' lang='lat' dir='ltr'><em>supradicti</em></span> <span class='ocrx_word' id='word_1_274' title='bbox 2398 3169 2462 3221; x_wconf 84' lang='lat' dir='ltr'><em>ad</em></span> 
     </span>
     <span class='ocr_line' id='line_1_32' title="bbox 465 3257 2461 3324; baseline -0.001 -19"><span class='ocrx_word' id='word_1_275' title='bbox 465 3257 863 3321; x_wconf 89' lang='lat' dir='ltr'><em>perhibendum</em></span> <span class='ocrx_word' id='word_1_276' title='bbox 927 3257 1308 3307; x_wconf 87' lang='lat' dir='ltr'><em>testimonium</em></span> <span class='ocrx_word' id='word_1_277' title='bbox 1371 3258 1426 3308; x_wconf 90' lang='lat' dir='ltr'><em>in</em></span> <span class='ocrx_word' id='word_1_278' title='bbox 1497 3259 1854 3324; x_wconf 84' lang='lat' dir='ltr'><em>Inquisitione</em></span> <span class='ocrx_word' id='word_1_279' title='bbox 1909 3257 2222 3307; x_wconf 89' lang='lat' dir='ltr'><em>huiusmodi</em></span> <span class='ocrx_word' id='word_1_280' title='bbox 2283 3265 2461 3305; x_wconf 76' lang='lat' dir='ltr'><em>contra</em></span> 
     </span>
     <span class='ocr_line' id='line_1_33' title="bbox 463 3337 2540 3405; baseline -0 -16"><span class='ocrx_word' id='word_1_281' title='bbox 463 3341 673 3390; x_wconf 92' lang='lat' dir='ltr'><em>dictum</em></span> <span class='ocrx_word' id='word_1_282' title='bbox 722 3340 1033 3390; x_wconf 82' lang='lat' dir='ltr'><em>Johannem</em></span> <span class='ocrx_word' id='word_1_283' title='bbox 1081 3341 1147 3390; x_wconf 90' lang='lat' dir='ltr'><em>de</em></span> <span class='ocrx_word' id='word_1_284' title='bbox 1194 3343 1455 3393; x_wconf 89' lang='lat' dir='ltr'><em>Lombers</em></span> <span class='ocrx_word' id='word_1_285' title='bbox 1503 3343 1753 3394; x_wconf 87' lang='lat' dir='ltr'><em>facienda</em></span> <span class='ocrx_word' id='word_1_286' title='bbox 1817 3342 1972 3393; x_wconf 87' lang='lat' dir='ltr'><em>citati</em></span> <span class='ocrx_word' id='word_1_287' title='bbox 2030 3341 2285 3402; x_wconf 85' lang='lat' dir='ltr'><em>fuissent3</em></span> <span class='ocrx_word' id='word_1_288' title='bbox 2343 3337 2460 3405; x_wconf 87' lang='lat' dir='ltr'><em>ipsi·</em></span> <span class='ocrx_word' id='word_1_289' title='bbox 2538 3388 2540 3399; x_wconf 71' lang='grc'>,</span> 
     </span>
     <span class='ocr_line' id='line_1_34' title="bbox 464 3424 2540 3495; baseline -0.001 -22"><span class='ocrx_word' id='word_1_290' title='bbox 464 3443 566 3490; x_wconf 83' lang='lat' dir='ltr'><em>que</em></span> <span class='ocrx_word' id='word_1_291' title='bbox 600 3442 760 3489; x_wconf 88' lang='lat' dir='ltr'><em>super</em></span> <span class='ocrx_word' id='word_1_292' title='bbox 793 3424 894 3473; x_wconf 91' lang='lat' dir='ltr'><em>hiis</em></span> <span class='ocrx_word' id='word_1_293' title='bbox 928 3443 1033 3489; x_wconf 90' lang='lat' dir='ltr'><em>que</em></span> <span class='ocrx_word' id='word_1_294' title='bbox 1066 3426 1316 3476; x_wconf 84' lang='lat' dir='ltr'><em>sciebant</em></span> <span class='ocrx_word' id='word_1_295' title='bbox 1347 3438 1403 3476; x_wconf 91' lang='lat' dir='ltr'><em>et</em></span> <span class='ocrx_word' id='word_1_296' title='bbox 1435 3445 1599 3493; x_wconf 88' lang='lat' dir='ltr'><em>super</em></span> <span class='ocrx_word' id='word_1_297' title='bbox 1632 3427 1830 3492; x_wconf 90' lang='lat' dir='ltr'><em>quibus</em></span> <span class='ocrx_word' id='word_1_298' title='bbox 1861 3425 2202 3495; x_wconf 25' lang='lat' dir='ltr'><em>‘interrogati</em></span> <span class='ocrx_word' id='word_1_299' title='bbox 2252 3424 2459 3473; x_wconf 84' lang='lat' dir='ltr'><em>fuerant</em></span> <span class='ocrx_word' id='word_1_300' title='bbox 2537 3435 2540 3461; x_wconf 69' lang='grc' dir='ltr'><strong>ἑ</strong></span> 
     </span>
     <span class='ocr_line' id='line_1_35' title="bbox 463 3509 2455 3578; baseline -0.002 -21"><span class='ocrx_word' id='word_1_301' title='bbox 463 3527 657 3573; x_wconf 82' lang='lat' dir='ltr'><em>puram</em></span> <span class='ocrx_word' id='word_1_302' title='bbox 692 3519 747 3557; x_wconf 91' lang='lat' dir='ltr'><em>et</em></span> <span class='ocrx_word' id='word_1_303' title='bbox 783 3526 987 3558; x_wconf 85' lang='lat' dir='ltr'><em>meram</em></span> <span class='ocrx_word' id='word_1_304' title='bbox 1024 3510 1320 3561; x_wconf 84' lang='lat' dir='ltr'><em>veritatem</em></span> <span class='ocrx_word' id='word_1_305' title='bbox 1357 3512 1764 3578; x_wconf 84' lang='lat' dir='ltr'><em>deposuissent3</em></span> <span class='ocrx_word' id='word_1_306' title='bbox 1813 3529 1874 3562; x_wconf 85' lang='lat' dir='ltr'><em>ac</em></span> <span class='ocrx_word' id='word_1_307' title='bbox 1896 3510 2141 3576; x_wconf 83' lang='lat' dir='ltr'><em>prefatus</em></span> <span class='ocrx_word' id='word_1_308' title='bbox 2189 3509 2455 3558; x_wconf 84' lang='lat' dir='ltr'><em>Johannes</em></span> 
     </span>
     <span class='ocr_line' id='line_1_36' title="bbox 465 3592 2535 3661; baseline -0.001 -21"><span class='ocrx_word' id='word_1_309' title='bbox 465 3593 591 3642; x_wconf 90' lang='lat' dir='ltr'><em>olim</em></span> <span class='ocrx_word' id='word_1_310' title='bbox 628 3592 836 3654; x_wconf 86' lang='lat' dir='ltr'><em>iudeus,</em></span> <span class='ocrx_word' id='word_1_311' title='bbox 875 3610 969 3658; x_wconf 87' lang='lat' dir='ltr'><em>per</em></span> <span class='ocrx_word' id='word_1_312' title='bbox 1005 3594 1214 3643; x_wconf 91' lang='lat' dir='ltr'><em>dictum</em></span> <span class='ocrx_word' id='word_1_313' title='bbox 1251 3595 1631 3661; x_wconf 87' lang='lat' dir='ltr'><em>inquisitorem</em></span> <span class='ocrx_word' id='word_1_314' title='bbox 1669 3614 1762 3646; x_wconf 88' lang='lat' dir='ltr'><em>seu</em></span> <span class='ocrx_word' id='word_1_315' title='bbox 1811 3595 1924 3644; x_wconf 89' lang='lat' dir='ltr'><em>eius</em></span> <span class='ocrx_word' id='word_1_316' title='bbox 1976 3593 2257 3644; x_wconf 87' lang='lat' dir='ltr'><em>officialem</em></span> <span class='ocrx_word' id='word_1_317' title='bbox 2306 3602 2456 3655; x_wconf 89' lang='lat' dir='ltr'><em>super</em></span> <span class='ocrx_word' id='word_1_318' title='bbox 2533 3616 2535 3624; x_wconf 54' lang='grc' dir='ltr'><strong><em>ι</em></strong></span> 
     </span>
     <span class='ocr_line' id='line_1_37' title="bbox 470 3676 2533 3741; baseline -0 -17"><span class='ocrx_word' id='word_1_319' title='bbox 470 3676 827 3740; x_wconf 87' lang='lat' dir='ltr'><em>Inquisitione</em></span> <span class='ocrx_word' id='word_1_320' title='bbox 875 3678 1120 3741; x_wconf 85' lang='lat' dir='ltr'><em>predicta</em></span> <span class='ocrx_word' id='word_1_321' title='bbox 1170 3679 1372 3730; x_wconf 79' lang='lat' dir='ltr'><em>citatus</em></span> <span class='ocrx_word' id='word_1_322' title='bbox 1420 3690 1474 3729; x_wconf 89' lang='lat' dir='ltr'><em>et</em></span> <span class='ocrx_word' id='word_1_323' title='bbox 1519 3699 1775 3731; x_wconf 87' lang='lat' dir='ltr'><em>recusans</em></span> <span class='ocrx_word' id='word_1_324' title='bbox 1823 3677 2221 3729; x_wconf 84' lang='lat' dir='ltr'><em>contumaciter</em></span> <span class='ocrx_word' id='word_1_325' title='bbox 2248 3689 2451 3739; x_wconf 82' lang='lat' dir='ltr'><em>compa·</em></span> <span class='ocrx_word' id='word_1_326' title='bbox 2529 3683 2533 3733; x_wconf 74' lang='grc' dir='ltr'><strong><em>ς</em></strong></span> 
     </span>
     <span class='ocr_line' id='line_1_38' title="bbox 462 3759 2531 3831; baseline -0.002 -24"><span class='ocrx_word' id='word_1_327' title='bbox 462 3776 575 3807; x_wconf 90' lang='lat' dir='ltr'><em>rere</em></span> <span class='ocrx_word' id='word_1_328' title='bbox 617 3759 893 3825; x_wconf 83' lang='lat' dir='ltr'><em>prefatum</em></span> <span class='ocrx_word' id='word_1_329' title='bbox 939 3760 1259 3813; x_wconf 86' lang='lat' dir='ltr'><em>Mannetum</em></span> <span class='ocrx_word' id='word_1_330' title='bbox 1302 3765 1630 3831; x_wconf 79' lang='lat' dir='ltr'><em>corrupisset</em></span> <span class='ocrx_word' id='word_1_331' title='bbox 1673 3783 1766 3831; x_wconf 88' lang='lat' dir='ltr'><em>per</em></span> <span class='ocrx_word' id='word_1_332' title='bbox 1807 3763 2094 3829; x_wconf 80' lang='lat' dir='ltr'><em>pecuniam</em></span> <span class='ocrx_word' id='word_1_333' title='bbox 2136 3771 2189 3810; x_wconf 90' lang='lat' dir='ltr'><em>et</em></span> <span class='ocrx_word' id='word_1_334' title='bbox 2229 3759 2355 3809; x_wconf 83' lang='lat' dir='ltr'><em>alias</em></span> <span class='ocrx_word' id='word_1_335' title='bbox 2395 3764 2450 3805; x_wconf 89' lang='lat' dir='ltr'><em>ut</em></span> <span class='ocrx_word' id='word_1_336' title='bbox 2528 3795 2531 3804; x_wconf 80' lang='grc'>,</span> 
     </span>
    </p>
   </div>
  </div>
 </body>
</html>
