2540 4354
882 335 1165 385 canaonas
1205 351 1263 387 xi
1966 334 2068 389 399

917 561 1146 621 —278
1187 596 1263 607 —

79 727 118 780 ¹·
165 709 331 763 Lem-e
361 726 469 759 aux
499 707 829 774 archequues
862 717 907 757 et
939 711 1147 774 e'veques
1180 709 1240 758 de
1276 710 1492 772 Fumea,
1529 711 1758 762 re'sidant
1804 715 1836 762 ὰ
1886 713 2062 775 Paris,

80 792 121 854 s(
145 810 226 844 ur
257 792 330 843 les
362 809 585 856 engager
616 793 650 841 ὰ
684 791 922 856 rappeler
955 808 1026 840 au
1061 791 1138 840 roi
1173 792 1243 841 les
1277 792 1476 842 devoir-s
1510 793 1639 844 d’un
1687 795 1865 859 prince
1922 796 2060 845 chr-3⁶-

83 868 133 914 ·Ῑ’
159 902 164 911 =
225 877 260 926 d
289 874 530 926 l’endroit
561 874 622 924 de
653 873 898 925 l'hdre'sie.
934 873 996 924 Si
1031 874 1075 924 le
1107 874 1184 924 roi
1218 875 1385 940 refu-se
1416 877 1476 926 de
1507 877 1668 927 servir
1699 895 1805 927 aux
1837 878 2060 944 inquisi-

86 1016 134 1026 Α
169 981 177 995 ·
257 958 312 1010 la
341 957 565 1024 pen-sion
596 956 687 1024 qui
720 957 831 1007 leur
862 967 935 1007 est
967 956 1083 1018 due,
1119 958 1164 1006 le
1196 975 1332 1023 pape
1365 959 1612 1023 chargera
1656 960 1727 1010 les
1759 964 1965 1027 eosquos
1997 961 2058 1012 de

95 1037 130 1102 Jj
151 1046 312 1110 pays?
332 1040 370 1092 ¹.
392 1040 552 1092 Ordre
566 1058 674 1091 aux
699 1058 884 1091 noricos
902 1040 1250 1106 apostoliques
1265 1041 1326 1091 de
1355 1054 1583 1093 remeare
1602 1044 1653 1093 la
1679 1048 1912 1109 pre'sente
1927 1045 2064 1095 lettre

165 1125 285 1198 cells
303 1123 395 1192 qui
425 1122 634 1191 pre'cdde
659 1125 692 1172 ὰ
718 1123 855 1175 leurs
889 1122 1270 1174 destinataires.
1290 1152 1358 1160 —
1375 1125 1642 1190 Avignon,
1662 1126 1726 1177 27
1749 1145 1890 1179 mars
1910 1127 2059 1179 1373.

425 1253 531 1307 ng.
559 1255 673 1306 Vol„
697 1259 732 1295 t.
758 1266 944 1306 ccxxix,
968 1251 1043 1294 101.
1068 1254 1138 1295 38.

180 1374 587 1428 venerabilibus
617 1372 875 1424 fratribus
906 1373 1167 1423 universis
1190 1412 1218 1423 ..
1238 1375 1648 1440 archiepiscopis
1667 1387 1720 1425 et
1741 1416 1772 1426 ..
1804 1378 2066 1443 episcopis

112 1515 164 1517 ..
220 1458 233 1471 “
271 1457 511 1519 Francie,
552 1456 786 1507 Parisius
824 1456 1307 1518 commorantibus,
1347 1459 1430 1506 vel
1470 1458 1656 1508 maiori
1694 1461 1835 1524 parti
1853 1478 2057 1522 eorum,

131 1547 139 1553 ’
204 1550 335 1603 tem,
365 1550 469 1591 etc.
503 1567 571 1575 —
603 1539 756 1600 Ecce,
789 1539 1121 1590 venerabiles
1154 1539 1365 1600 fratres,
1400 1541 1560 1604 quod,
1594 1541 1731 1590 sicut
1764 1543 2059 1592 admodum

129 1618 330 1677 Ἰσαῖον
364 1623 693 1685 audivimus,
732 1622 788 1674 in
825 1623 1081 1689 precipuo
1119 1641 1245 1686 agro
1284 1624 1571 1685 dominico,
1612 1626 1860 1674 videlicet
1898 1644 2059 1690 regno

129 1698 134 1702 ⁶
210 1707 328 1770 ·eie,
384 1707 530 1773 quod
558 1725 588 1758 a
620 1706 843 1758 maculis
874 1706 1107 1756 heretice
1136 1707 1425 1772 pravitatis
1456 1709 1735 1757 consuevit
1763 1726 1876 1758 esse
1908 1728 2059 1759 mun·

117 1817 128 1862 ,¹
163 1816 166 1824 v
236 1790 521 1858 preceteris
551 1789 726 1854 regnis
761 1788 1027 1850 fidelibus,
1059 1806 1248 1855 vepres
1279 1800 1333 1838 et
1366 1790 1550 1839 tribuli
1581 1809 1688 1840 non
1719 1793 1923 1856 absque
1954 1793 2060 1842 cul·

112 1867 123 1877 ²
191 1892 268 1926 m
303 1873 628 1940 negligentia
665 1890 735 1922 ex
772 1873 942 1923 hostis
980 1873 1205 1924 humani
1243 1874 1446 1936 generis
1498 1875 1810 1939 operatione
1860 1893 2063 1923 succre-

200 1966 271 2020 ·t;
302 1966 524 2024 propter
555 1956 699 2022 quod
733 1955 1008 2007 carissimo
1035 1955 1094 2005 -in
1128 1956 1338 2005 Christo
1362 1957 1467 2005 filio
1487 1957 1692 2018 Carolo‚
1711 1958 1820 2021 regi
1842 1957 2062 2008 Francie

136 2094 139 2096 ,
265 2039 298 2106 ’,
318 2040 600 2092 scribimus
623 2039 919 2090 secundum
940 2039 1138 2090 formas
1158 2039 1494 2104 presentibus
1519 2040 1849 2091 interclusas.
1878 2041 2062 2090 Vestre

135 2130 168 2175 Ξῖ.
202 2147 225 2167 ··
288 2121 623 2175 fraternitati
665 2122 1011 2189 precipiendo
1056 2123 1376 2173 mandamus
1422 2122 1677 2187 quatinus
1735 2123 1941 2172 dictum
1983 2141 2059 2172 re-

253 2206 319 2259 de
365 2206 635 2258 institutis
685 2205 956 2256 canonicis
1006 2216 1061 2255 et
1110 2206 1414 2272 principum
1463 2206 1666 2270 legibus
1715 2206 2063 2271 loquentibus

163 2289 384 2346 'auxilio
415 2300 473 2340 et
507 2289 693 2341 favore
729 2307 834 2355 que
867 2289 1131 2340 seculares
1168 2298 1466 2354 potestates
1501 2299 1556 2338 et
1592 2289 1841 2339 officiales
1879 2301 2064 2339 tenen-

146 2366 155 2413 ἶ
214 2372 343 2425 dare
382 2382 571 2424 contra
614 2371 877 2422 hereticos
921 2390 1015 2437 pro
1058 2357 1366 2422 defensione
1412 2372 1536 2421 fidei
1579 2372 1857 2437 prelibate,
1900 2382 1954 2420 et
1995 2372 2060 2420 de

150 2448 159 2496 ',
188 2453 214 2499 δ’·
278 2473 383 2523 que
422 2456 570 2523 ipsis,
613 2455 657 2506 si
699 2455 1028 2520 negligentes
1072 2455 1292 2516 fuerint,
1335 2455 1668 2519 infliguntur,
1711 2456 1960 2504 eumdem
1988 2472 2063 2503 re-

179 2549 182 2551 ’
246 2538 317 2591 ad
360 2539 759 2606 providendum
803 2538 1092 2589 efficaciter
1137 2556 1297 2604 super
1343 2538 1440 2588 hiis
1488 2555 1589 2603 que
1635 2538 1737 2588 sibi
1780 2538 2063 2586 scribimus

256 2622 324 2674 is
374 2622 569 2674 vestris
622 2621 1060 2689 persuasionibus
1114 2621 1365 2671 inducere
1417 2621 1701 2672 studeatis.
1759 2620 1867 2670 Nos
1920 2619 2062 2668 enim

169 2713 191 2759 fs
233 2704 578 2758 intendentes
621 2705 766 2771 quod
809 2705 1156 2771 inquisitores
1199 2705 1342 2755 dicte
1385 2704 1691 2770 pravitatis,
1736 2704 1825 2768 qui
1869 2703 1922 2751 in
1965 2703 2064 2751 hac

268 2805 404 2841 onus
432 2788 709 2856 presulum
739 2788 940 2850 ferunt,
969 2798 1211 2852 egestate
1240 2789 1507 2849 laborent,
1537 2797 1593 2836 et
1622 2797 1841 2852 propter
1870 2802 2066 2850 expen-

301 2872 573 2924 defectum
605 2890 636 2924 a
669 2872 1045 2938 prosecutione
1077 2871 1158 2921 sui
1191 2871 1349 2921 officii
1394 2871 1758 2931 retrahantur,
1806 2869 1848 2918 si
1897 2868 2070 2933 prefa-

192 2962 202 2979 ⁴
238 2950 245 2961 ”
327 2954 397 3006 de
424 2954 682 3023 pensione
711 2955 778 3005 de
808 2973 913 3020 qua
946 2954 1048 3005 sibi
1079 2954 1362 3004 scribimus
1395 2953 1628 3003 noluerit
1658 2951 2065 3016 inquisitoribus

174 3035 388 3101 G⁶dere,
427 3038 675 3090 ordinare
714 3038 934 3088 omnino
975 3037 1309 3087 intendimus
1351 3038 1493 3102 quod
1535 3036 1772 3085 locorum
1814 3033 2071 3083 ordinarii

177 3153 179 3156 -
242 3129 306 3172 nt
335 3122 643 3173 huiusmodi
674 3121 1006 3188 pensionem.
1040 3149 1107 3156 —
1140 3121 1343 3171 Datum
1394 3119 1664 3180 Avinioni‚
1713 3136 1766 3168 vi
1814 3117 2069 3168 kalendas

159 3193 288 3267 ⁶2⁶,
323 3221 464 3256 anno
501 3205 679 3257 tertio.

215 3311 218 3314 ⁴

268 3359 384 3411 etis
435 3360 554 3412 filiis
586 3359 920 3423 'Raimundo,
958 3358 1146 3411 abbati
1186 3356 1495 3409 monasterii
1532 3355 1820 3416 Conchen.,
1867 3352 2070 3404 Ruthe-

57 3472 69 3510 ‘z
136 3495 138 3497 .
270 3441 511 3506 diocesis,
554 3454 610 3494 et
656 3444 846 3509 Egidio
892 3444 1086 3505 Sancii,
1132 3442 1403 3509 preposito
1447 3441 1500 3491 in
1518 3439 1735 3489 ecclesia
1783 3436 2070 3497 Valentin.,

63 3515 67 3522 Ξ
250 3524 380 3576 elice
399 3526 546 3577 Sedis
563 3527 790 3586 nunciis,
813 3527 1261 3587 salutem‚etc.—
1291 3526 1387 3573 Pro
1408 3523 1564 3572 certis
1598 3520 1822 3584 negotiis
1845 3520 1965 3569 fidei
1985 3536 2069 3568 ca-

156 3604 287 3660 ,2⁶oe
342 3609 622 3659 scribimus
669 3610 949 3660 karissimo
995 3610 1046 3659 in
1093 3608 1304 3657 Christo
1353 3606 1459 3655 filio
1505 3614 1687 3654 nostro
1733 3603 1919 3653 Carolo
1963 3601 2071 3664 regi

71 3677 82 3724 .'
220 3688 318 3740 cie
354 3690 550 3742 illustri
588 3702 642 3745 et
683 3693 902 3758 prelatis
943 3692 1108 3757 ipsius
1150 3691 1297 3753 regni
1341 3688 1571 3739 Parisius
1613 3684 2071 3735 commorantibus
