2540 4354
950 376 1093 426 33Αᾶ
1134 394 1258 426 xxu
2038 377 2095 434 71

130 518 251 562 tum
292 507 437 574 quod
478 505 724 558 nonnulli
762 505 866 556 viri
907 505 1148 572 pestiferi
1203 505 1296 571 qui
1351 505 1647 571 vulgariter
1702 506 1966 567 fraticelli,
2010 526 2102 559 seu

98 591 320 646 sstntres
355 589 419 640 de
455 606 691 655 paupere
726 587 862 649 vita,
897 598 995 640 aut
1028 587 1215 639 Bizoki
1250 588 1362 641 sive
1397 587 1607 638 Bicbini
1642 589 1726 640 vel
1761 589 1876 639 aliis
1927 589 2101 654 priva·

123 673 196 726 tis
232 671 542 724 nominibus
581 681 987 737 nuncupantur,
1028 670 1082 722 in
1122 670 1345 722 diversis
1392 670 1543 721 Italie
1586 671 1831 735 partibus
1850 690 1910 723 ac
1929 672 2101 726 insula

36 807 38 809 .
95 754 319 816 sicilie,
364 754 634 807 comitatu
683 753 978 814 Provincie,
1027 754 1336 805 Narbonen.
1381 764 1435 803 et
1480 754 2102 805 Tholosan.civitatibus

43 830 47 835 ¹*
119 849 181 893 ot
223 837 527 891 diocesibus
573 847 739 903 atque
788 836 1077 903 provinciis
1124 836 1348 902 aliisque
1410 836 1633 887 diversis
1695 837 1990 887 cismarinis
2049 849 2104 887 et

28 934 32 935 ’
91 920 491 977 -altramarinis
546 919 795 986 partibus
851 906 1039 972 contra
1096 937 1274 972 sacros
1343 938 1574 971 canones
1645 919 1894 971 habitum
1964 938 2103 972 nove

110 990 394 1070 ⁴'religionis
447 1021 737 1061 assumere,
792 1002 1233 1068 congregationes
1285 1013 1340 1053 et
1393 996 1798 1055 conventiculas
1824 1004 1995 1054 facere
2048 1015 2104 1056 et

39 1112 42 1117 ⁴
97 1086 422 1155 ouperiores
463 1085 733 1152 sibiipsis
774 1086 964 1150 eligere
1007 1104 1141 1152 quos
1198 1085 1488 1147 ministros,
1545 1104 1637 1137 seu
1693 1087 1959 1147 custodes,
2017 1088 2102 1138 vel

51 1238 53 1242 ι
97 1169 451 1239 μιῑόἰαιιοε
489 1180 588 1222 aut
627 1169 743 1222 aliis
782 1168 1092 1223 nominibus
1131 1170 1503 1235 appellabant,
1545 1169 1801 1235 plurimos
1820 1171 1886 1223 ad
1915 1188 2099 1221 eorum

114 1245 325 1309 :benum
356 1254 610 1320 recipere,
645 1255 761 1304 loca
796 1252 963 1304 etiam
998 1253 1062 1304 de
1098 1271 1241 1304 novo
1277 1264 1588 1305 construere
1622 1264 1677 1303 et
1710 1255 1780 1304 ab
1815 1254 1928 1304 aliis
1978 1272 2099 1304 con·

119 1346 327 1393 ntructa
374 1337 608 1403 recipere
656 1347 711 1388 et
758 1335 1120 1388 communiter
1167 1336 1413 1388 habitare
1462 1348 1515 1387 et
1551 1337 1761 1403 publice
1798 1337 2098 1390 mendicare

124 1429 183 1475 nt
216 1419 319 1473 alia
357 1420 531 1473 facere
570 1419 725 1486 quasi
762 1437 949 1470 eorum
986 1430 1131 1471 secta
1173 1419 1311 1470 foret
1351 1439 1455 1470 una
1496 1421 1560 1470 de
1611 1421 1955 1485 religionibus
2007 1438 2100 1485 per

46 1501 51 1551 .’
99 1500 316 1563 ‘Sedena
383 1502 741 1570 apostolicam
810 1502 1128 1569 approbatis
1198 1503 1506 1555 temeritate
1591 1503 1927 1569 dampnabili
1983 1521 2097 1568 pre·

55 1580 61 1646 ¹,
99 1586 439 1652 ιίυωοὴαιιῑς
477 1596 533 1637 et
572 1596 633 1637 ut
673 1604 818 1637 error
856 1585 1098 1651 ipsorum
1137 1586 1339 1636 veritas
1357 1597 1411 1637 et
1437 1586 1688 1652 impietas
1720 1587 1900 1651 religio
1942 1597 2098 1652 puta·

52 1686 53 1689 ’
91 1660 287 1732 ‘antula
323 1668 542 1736 plurimi
574 1686 761 1720 eorum
795 1669 1036 1733 regulam
1086 1668 1286 1720 ordinis
1335 1670 1565 1721 fratrum
1617 1671 1883 1720 minorum
1934 1686 2096 1734 quam

40 1766 54 1827 J
115 1798 119 1803 .
183 1761 344 1807 nctus
381 1751 698 1806 Franciscua
732 1751 974 1803 instituit
1009 1770 1063 1802 se
1099 1752 1342 1817 profiteri
1377 1763 1431 1804 et
1465 1755 1750 1803 observare
1771 1754 1838 1803 ad
1859 1754 2096 1804 litteram

59 1826 503 1910 {ajooufingehant
543 1852 879 1901 quamquam
918 1836 1019 1890 suh
1060 1835 1417 1892 obedientia..
1463 1835 1718 1898 generalis
1760 1836 1843 1886 vel
1885 1835 2098 1901 provin·

55 1909 337 1979 ²'oialium
382 1916 751 1969 ministrorum
807 1917 973 1983 ipsius
1031 1918 1231 1973 ordinis
1292 1918 1508 1969 minime
1570 1930 1923 1979 morarentur,
1983 1935 2096 1983 pre·

51 1999 408 2055 laudentes
449 2019 479 2052 a
521 2011 707 2053 sancte
762 2001 1016 2053 memorie
1075 2003 1232 2052 Petro
1290 2002 1589 2052 confessore
1647 2013 1776 2052 tunc
1833 2002 2096 2054 Celestino

61 2098 267 2152 fflpa
304 2084 350 2135 V
387 2084 760 2151 predecessore
800 2095 1005 2145 nostro.
1045 2084 1359 2150 hujusmodi
1394 2085 1503 2136 vite
1543 2104 1634 2136 seu
1673 2097 1849 2136 status
1884 2085 2094 2151 privile-

2 2156 7 2189 ¹
3 2158 268 2251 ,Ἥβὶιω
313 2166 582 2229 habuisse,
631 2169 774 2233 quod
822 2178 1007 2219 tamen
1055 2167 1097 2218 si
1129 2167 1294 2220 etiam
1342 2169 1704 2221 ostendissent
1737 2169 1994 2220 caruisset
2041 2179 2095 2218 et

2 2272 8 2351 i
66 2237 323 2425 {uteret
352 2251 559 2302 roboris
596 2251 874 2311 firmitate,
909 2270 1031 2301 cum
1066 2250 1148 2317 pie
1184 2251 1436 2306 memorie
1469 2252 1776 2303 Bonifacius
1797 2270 1935 2317 papa
1958 2252 2093 2302 VIII

120 2331 462 2398 pudeeessor
502 2344 685 2390 noster
726 2352 792 2384 ex
835 2333 992 2386 certis
1036 2334 1209 2385 causis
1252 2335 1665 2391 rationabilibus
1709 2336 1887 2386 omnia
1934 2334 2093 2401 privi-

172 2412 256 2480 αἱ.
288 2416 406 2469 ab
390 2435 505 2483 ipso
541 2417 805 2469 Celestino
841 2436 1089 2473 concessa
1127 2437 1228 2483 que
1265 2436 1358 2484 per
1391 2419 1567 2484 ipsum
1603 2419 1937 2470 Bonifatium
1986 2436 2092 2471 non

0 2500 3 2577 ξ
111 2497 452 2564 contingeret
512 2500 804 2566 approbari
822 2500 1028 2553 viribus
1062 2501 1277 2566 penitus
1309 2513 1611 2562 vacuasset,
1632 2502 1947 2567 dictumque
1981 2501 2091 2550 vite

0 2527 453 2676 ξέῂιιὶνίιοςίιιω
470 2601 578 2641 non
595 2584 894 2650 reperiatur
914 2603 1004 2650 per
1023 2585 1254 2635 eundem
1275 2585 1614 2644 Bonifacium
1634 2586 2026 2650 approbatum·
2038 2594 2092 2635 et

0 2672 3 2687 ³
65 2655 264 2730 ’151111οά
281 2664 502 2731 quidam
519 2684 705 2719 eorum
721 2667 930 2719 dictum
950 2667 1200 2719 habitum
1218 2678 1273 2718 et
1292 2667 1512 2717 vivendi
1529 2667 1696 2718 ritum
1714 2686 1743 2717 a
1764 2667 2090 2733 quibusdam

76 2743 371 2818 Ἐρίιοορίξ
387 2766 480 2800 seu
496 2766 682 2801 eorum
701 2750 1063 2816 superioribus
1085 2752 1167 2801 vel
1187 2750 1302 2801 aliis
1320 2751 1664 2802 ecclesiarum
1700 2750 1916 2816 prelatis
1936 2767 1988 2800 se
2008 2768 2087 2799 re·

87 2861 114 2880 ι
138 2827 311 2896 spisse
339 2830 610 2893 dicebant,
630 2852 763 2899 quos
775 2832 1196 2899 neceisrecipere
1224 2852 1319 2885 nec
1345 2834 1501 2885 dictis
1527 2833 1789 2899 episcopis
1801 2851 1891 2883 seu
1904 2851 2087 2885 eorum

89 2916 119 2972 37
160 2911 473 2978 ·,perioribus
491 2916 576 2966 vel
593 2915 708 2969 aliis
726 2917 1071 2968 ecclesiarum
1091 2917 1309 2982 prelatis
1330 2917 1619 2968 concedere
1640 2916 1863 2966 licuerat
1897 2926 2084 2968 contra

86 2985 346 3055 {frimam
391 2997 599 3049 concilii
646 2999 920 3064 generalis.
974 2999 1230 3050 Nonnulli
1277 2999 1443 3051 etiam
1491 3018 1556 3049 ex
1604 2999 1731 3064 ipsis
1793 3008 2087 3049 asserentes

80 3077 164 3132 .-
209 3094 321 3135 esse
357 3080 422 3138 de
460 3081 621 3139 tertio
661 3082 844 3133 ordine
886 3082 1031 3134 beati
1072 3082 1340 3135 Francisci
1358 3082 1699 3148 penitentum
1753 3092 2086 3147 nuncupato,

160 3157 175 3171 ⁹
206 3169 325 3221 tum
367 3173 577 3218 etatum
620 3175 675 3216 et
718 3165 884 3216 ritum
929 3184 1113 3217 eorum
1145 3167 1469 3227 satagebant
1511 3167 1611 3215 sub
1659 3165 1922 3215 velamine
1966 3164 2087 3215 talis

192 3242 346 3304 minis
387 3245 624 3312 palliare,
669 3266 793 3299 cum
836 3259 1020 3299 tamen
1063 3249 1116 3298 in
1159 3249 1338 3312 regula
1383 3247 1513 3298 dicti
1556 3247 1701 3297 tertii
1744 3246 1941 3296 ordinis
1965 3245 2087 3296 talis

118 3321 336 3398 :vendi
363 3327 500 3381 ritus
529 3331 839 3383 nullatenus
869 3341 1008 3380 esset
1039 3348 1346 3391 concessus;
1378 3331 1629 3395 quodque
1661 3329 1881 3395 quidam
1902 3346 2086 3379 corum

124 3407 428 3469 veritate
481 3412 743 3464 catholice
801 3412 923 3463 fidei
977 3413 1257 3464 deviantes
1325 3411 1680 3463 ecclesiastica
1749 3421 2083 3462 sacramenta

198 3492 441 3545 rnnebant
483 3504 539 3544 et
581 3511 781 3545 errores
825 3496 955 3546 alios
1000 3496 1297 3547 studebant
1343 3494 1710 3559 multipliciter
1766 3493 2026 3544 seminare
2074 3513 2085 3543 ε

0 3584 4 3625 ,³
190 3588 215 3624 Ι
249 3575 594 3628 attendentes
634 3578 777 3642 quod
818 3578 1010 3629 talium
1049 3578 1398 3642 dampnanda
1438 3575 1713 3626 temeritas
1752 3576 1807 3627 in
1843 3576 2085 3641 ejusdem

0 3648 1 3652 ¹
111 3695 113 3699 .
160 3652 245 3711 dei
280 3656 687 3717 detrimentum,
731 3661 970 3710 fidelium
1010 3662 1344 3717 scandalum,
1386 3659 1581 3725 prefati
1601 3659 1867 3712 minorum
1886 3670 1939 3708 et
1957 3659 2083 3710 alio-

96 3748 235 3790 ’rum
283 3739 532 3791 ordinum
582 3742 932 3808 opprobrium
981 3754 1034 3792 et
1084 3742 1248 3792 etiam
1299 3760 1516 3792 suarum
1566 3752 1619 3790 et
1683 3737 1907 3791 aliarum
1971 3743 2079 3792 ani·
