2540 4354
491 343 594 394 398
882 355 1167 392 nummu:
1212 358 1284 389 DE
1329 339 1741 400 L’INQmSITlON
1787 356 2106 402 FRANQAISE

1327 558 1539 617 —277
1587 594 1660 600 —

584 700 826 766 Gre'goire
858 701 947 751 XI
981 700 1181 749 exhorta
1213 700 1256 749 le
1289 699 1365 748 roi
1399 700 1458 749 de
1492 701 1695 749 France
1727 703 1758 749 ὰ
1791 701 1991 750 e'tendre
2023 705 2055 751 ὰ
2087 712 2248 752 toutes
2281 703 2351 752 les
2383 723 2498 769 pro-

496 788 667 838 vinces
701 786 760 835 de
792 804 887 834 son
920 802 1166 850 roya-ume
1200 784 1251 833 la
1284 784 1525 849 pratique
1561 784 1719 833 usite'e
1752 804 1816 834 en
1850 785 2163 850 Languedoc
2196 790 2227 836 ὰ
2261 787 2497 840 l’endroit

489 873 576 922 des
622 871 959 920 emoluments
1006 869 1104 918 dus
1152 887 1259 917 aux
1305 867 1651 934 inquisiteurs
1699 879 1742 917 et
1788 872 1819 918 ὰ
1867 870 2004 919 leurs
2051 870 2284 935 officierS.
2345 871 2495 924 Dans

489 967 608 1006 cette
650 953 911 1021 province,
957 953 1158 1002 ceux-ci
1203 952 1454 1013 recoivent
1501 971 1601 1002 une
1644 953 1870 1018 pen-sion
1913 954 1984 1003 du
2033 955 2217 1004 Tre'sor
2261 956 2407 1022 royal
2447 969 2492 1009 et

488 1040 862 1091 abandonnent
890 1056 1005 1088 ausc*
1025 1037 1242 1103 officiers
1272 1037 1345 1087 du
1363 1037 1440 1087 roi
1461 1037 1513 1086 la
1530 1048 1648 1102 part
1667 1038 1753 1087 des
1772 1038 2141 1103 confiscations
2161 1050 2204 1089 et
2222 1039 2308 1089 des
2326 1058 2496 1092 amen·

488 1126 574 1176 des
606 1123 696 1190 qui
727 1123 925 1174 dem-ait
957 1124 1069 1173 leur
1100 1121 1316 1173 revenir.
1351 1151 1419 1157 —
1451 1123 1723 1187 Avignon,
1757 1122 1821 1173 27
1857 1142 1998 1174 mars
2034 1123 2184 1174 1373.

828 1250 935 1302 Reg.
967 1252 1079 1302 Vae„
1107 1256 1142 1290 t.
1169 1262 1358 1301 chXlx,
1382 1247 1460 1290 fol.
1485 1249 1539 1290 37
1566 1252 1632 1289 v0.

560 1359 847 1411 Carissimo
885 1358 940 1408 in
978 1357 1191 1407 Christo
1231 1357 1340 1406 filio
1379 1357 1590 1418 Carolo,
1627 1358 1739 1422 regi
1761 1357 1983 1408 Francie
2002 1359 2219 1422 illustri,
2241 1360 2490 1423 salutem,

483 1456 588 1495 etc.
620 1473 690 1478 —
720 1444 892 1509 Super
923 1442 1155 1506 negotiis
1188 1442 1456 1492 catholice
1490 1441 1617 1491 fidei
1647 1442 1701 1492 in
1734 1452 1829 1491 tuo
1861 1461 2026 1507 regno
2059 1444 2227 1494 dante
2263 1445 2490 1496 Domino

482 1528 774 1580 efficaciter
825 1526 1213 1593 promovendis
1247 1525 1367 1587 tibi,
1401 1536 1691 1591 tamquam
1744 1526 2192 1578 christianissimo
2246 1528 2490 1595 principi,

480 1614 725 1664 eiusdem
764 1612 890 1662 fidei
924 1611 1150 1662 zelatori
1186 1610 1464 1676 precipuo,
1503 1612 1740 1676 quedam
1789 1612 2026 1663 salubria
2078 1631 2172 1677 per
2221 1614 2351 1664 alias
2402 1632 2491 1664 no-

480 1708 621 1748 stras
658 1698 871 1748 litteras
907 1715 1213 1747 reseramus
1251 1697 1306 1746 in
1345 1696 1543 1761 quibus
1581 1714 1690 1746 non
1728 1696 2048 1747 dubitamus
2080 1698 2339 1748 devotam
2359 1717 2491 1749 sere·

481 1782 717 1833 nitatem
756 1793 913 1833 tuam
954 1782 1212 1832 daturam
1253 1799 1476 1847 operam
1516 1780 1808 1831 efficacem.
1857 1781 2004 1830 Inter
2043 1781 2147 1833 alia
2188 1793 2374 1832 autem
2412 1801 2487 1832 re-

483 1867 668 1928 media·
688 1867 743 1917 in
771 1867 872 1917 hac
899 1876 1056 1932 parte
1085 1866 1323 1915 multum
1350 1865 1505 1917 utilia
1533 1866 1666 1915 illud
1694 1884 1802 1916 non
1829 1867 2006 1915 solum
2035 1866 2167 1915 utile
2194 1868 2284 1917 sed
2312 1884 2488 1917 neces-

484 1951 686 2001 sarium
733 1951 1038 2002 extimatur
1083 1951 1229 2016 quod
1276 1950 1626 2015 inquisitores
1675 1950 1910 2000 heretice
1956 1951 2249 2016 pravitatis
2295 1970 2388 2018 pro
2433 1969 2486 2002 se

480 2036 698 2101 suisque
747 2035 903 2086 sociis
948 2046 1004 2085 et
1047 2035 1408 2086 familiaribus
1456 2046 1834 2101 competenter
1895 2037 2136 2087 habeant
2198 2038 2339 2086 unde
2396 2055 2486 2088 va·

478 2121 628 2169 leant
660 2120 976 2182 sustentari,
1009 2139 1076 2171 ne
1105 2139 1174 2170 ex
1207 2120 1426 2170 defectu
1458 2131 1784 2186 sumptuum
1815 2131 1870 2170 et
1902 2121 2133 2171 aliorum
2164 2120 2487 2171 necessario-

475 2223 596 2253 rum
633 2223 662 2255 a
702 2205 1083 2270 prosecutione
1119 2215 1237 2256 tam
1275 2205 1351 2271 pii
1387 2216 1613 2271 tamque
1652 2205 1810 2255 ardui
1858 2205 2060 2270 negotii
2114 2207 2479 2256 retrahantur.

479 2290 634 2339 Unde
666 2308 790 2339 cum
821 2289 963 2340 sicut
993 2291 1309 2341 audivimus
1340 2291 1395 2341 in
1425 2290 1534 2341 tuis
1566 2291 1817 2356 partibus
1848 2291 2029 2356 lingue
2062 2292 2305 2342 occitane
2338 2301 2479 2342 certa

476 2374 662 2441 pensio
695 2392 875 2427 annua
910 2377 974 2426 de
1008 2367 1466 2440 bonisregalibus
1497 2375 1914 2441 inquisitoribus
1947 2376 2226 2426 tribuatur
2255 2386 2310 2426 et
2341 2376 2478 2426 curie

474 2478 567 2510 seu
607 2461 861 2513 officiales
900 2461 983 2511 tui
1022 2478 1207 2510 omnes
1248 2460 1774 2526 condempnationes
1795 2478 1887 2510 seu
1908 2455 2139 2510 mulctas
2181 2460 2352 2511 factas
2391 2477 2480 2526 per
2535 2511 2538 2515 ,

469 2543 821 2610 inquisitores
872 2546 1092 2596 eosdem
1143 2545 1467 2610 percipiant,
1521 2545 1827 2595 cuiusmodi
1878 2546 2070 2595 modus
2122 2563 2189 2594 ex
2238 2545 2476 2610 pluribus

470 2629 999 2682 considerationibus
1049 2629 1206 2679 nobis
1258 2630 1446 2680 extitit
1497 2641 1774 2696 acceptus,
1808 2630 2082 2696 prefatam
2132 2629 2495 2680 serenitatem'

467 2731 722 2778 rogamus
772 2715 1041 2767 attentius
1094 2714 1354 2780 quatinus
1406 2715 1632 2764 modum
1684 2714 1998 2764 huiusmodi
2046 2714 2102 2764 in
2151 2724 2271 2763 toto
2333 2712 2475 2763 dicto

469 2815 632 2863 regno
675 2799 842 2851 facias
886 2799 1180 2851 observari.
1226 2799 1483 2864 Alioquin
1525 2799 1791 2849 universis
1833 2798 2154 2849 officialibus
2196 2799 2303 2848 tuis
2343 2795 2472 2847 velis

469 2881 716 2932 districte
764 2884 1038 2949 precipere
1086 2884 1231 2949 quod
1279 2884 1587 2949 portionem
1635 2884 1700 2933 de
1748 2883 1902 2934 bonis
1950 2883 2338 2934 damnatorum
2383 2896 2472 2946 per

473 2965 820 3031 inquisitores
868 2969 1086 3019 solitam
1132 2968 1336 3034 percipi
1380 2968 1454 3017 eis
1501 2968 1757 3033 expedite
1803 2967 1916 3018 sine
1964 2968 2208 3034 quolibet
2252 2963 2471 3032 impedi·

468 3062 652 3100 mento
708 3052 916 3103 faciant
968 3053 1232 3115 assignari
1258 3052 1292 3103 ¹.
1347 3081 1415 3086 —
1469 3053 1675 3102 Datum
1730 3052 2030 3113 Avenione,
2086 3070 2163 3101 v11
2220 3049 2468 3101 kalendas

465 3135 670 3199 apriliS,
703 3155 846 3187 anno
878 3137 1060 3187 tertio.
2539 3124 2540 3127 Ἴ

520 3360 560 3400 1.
611 3361 696 3402 Sur
735 3370 854 3403 cette
898 3363 1106 3416 question
1147 3364 1223 3405 des
1266 3364 1480 3418 depenses
1523 3364 1578 3406 de
1618 3363 1940 3419 l'Inquisition,
1996 3364 2092 3407 voir
2151 3359 2470 3410 Introduction,
2531 3374 2534 3409 J

459 3444 501 3483 p.
528 3445 717 3472 xxxvm
742 3448 808 3485 sq.
