2540 4354
445 373 547 428 212
835 390 1131 428 nnuman
1165 391 1241 421 DE
1285 370 1702 431 L’momsrron
1746 389 2060 433 parmense

439 506 638 560 litteris
679 505 848 572 ipsius
894 505 1103 556 domini
1143 505 1387 571 episcopi
1426 523 1522 555 suo
1566 504 1735 570 sigillo
1777 504 2121 570 impendenti
2161 506 2317 556 nobis
2360 509 2452 557 ob-

440 591 657 652 stensis,
714 589 1063 656 presentatis,
1121 606 1182 639 ac
1238 606 1332 654 per
1386 588 1665 639 notarium
1719 587 2131 655 infrascriptum
2187 589 2452 655 perlectis,

441 674 707 740 sigillatis,
763 673 974 740 plenius
1028 683 1084 722 et
1135 673 1301 723 latius
1356 672 1695 734 continetur;
1747 672 1946 723 idcirco
1997 691 2096 723 nos
2150 673 2454 739 capitulum

438 759 656 809 ecclesie
709 758 952 824 predicte
1004 757 1360 808 donationem
1411 775 1506 807 seu
1557 757 1960 807 concessionem
2012 757 2145 807 dicti
2193 758 2458 809 tabularii

439 843 614 892 eidem
658 842 919 907 magistro
964 841 1207 892 Arnaldo
1256 842 1536 891 Ramundi
1577 852 1846 906 tanquam
1888 842 2222 892 benemerito
2267 843 2449 893 debite

439 945 502 978 ac
535 927 678 977 iuste
714 926 943 988 factum,
982 936 1196 990 gratam
1235 935 1290 973 et
1328 936 1612 991 acceptam
1648 927 1931 987 habentes,
1969 926 2293 976 confitemus
2328 944 2453 976 ean·

438 1012 560 1061 (lem
603 1010 965 1062 donationem
1008 1011 1071 1060 de
1116 1020 1306 1060 nostro
1353 1009 1576 1059 consilio
1617 1021 1672 1059 et
1715 1027 1935 1060 assensu
1976 1010 2186 1060 factam
2228 1028 2358 1073 esse,
2403 1022 2456 1061 et

437 1097 658 1147 easdem
705 1095 1062 1146 donationem
1110 1105 1165 1144 et
1212 1094 1616 1144 concessionem
1661 1094 2354 1157 laudamus„ratificamus
2401 1106 2454 1145 et

438 1182 830 1247 approbamuS,
869 1190 924 1230 et
961 1191 1214 1229 nostrum
1254 1197 1580 1229 consensum
1619 1189 1674 1228 et
1711 1197 1992 1229 assensum
2029 1179 2302 1246 premissis
2341 1198 2456 1231 om-

439 1265 599 1315 nibus
649 1275 705 1314 et
754 1264 977 1330 singulis
1026 1264 1378 1331 impertimur
1427 1265 1495 1315 ad
1545 1263 1807 1314 maiorem
1854 1264 2061 1315 roboris
2113 1264 2452 1328 firmitatem,

439 1360 494 1399 et
526 1350 593 1400 ad
627 1346 1297 1416 premissorum‹omnium
1319 1349 1726 1410 testimonium3
1753 1360 1808 1397 et
1843 1349 1912 1399 ad
1941 1349 2204 1399 maiorem
2240 1367 2302 1400 ac
2338 1368 2453 1415 per-

438 1443 666 1499 petuam
687 1434 898 1484 roboris
920 1433 1250 1484 firmitatem
1280 1434 1344 1483 de
1365 1432 1639 1499 premissis
1672 1433 1986 1483 habendam
2014 1451 2112 1483 nos
2147 1433 2454 1499 capitulum

439 1518 750 1584 predictum
811 1518 936 1568 huic
998 1518 1245 1584 presenti
1281 1518 1498 1584 publico
1536 1517 1904 1568 instrumento
1929 1517 2164 1582 sigillum
2204 1528 2453 1568 nostrum

439 1603 646 1668 apponi
681 1602 937 1653 iussimus
975 1614 1034 1652 et
1070 1603 1326 1669 appendi.
1365 1632 1435 1638 —
1469 1603 1607 1654 Acta
1644 1602 1868 1652 fuerunt
1902 1603 2000 1652 hec
2034 1601 2088 1652 in
2126 1602 2270 1651 dicto
2309 1602 2452 1668 capi-

437 1689 554 1736 tulo
608 1689 820 1753 prefate
871 1688 1091 1738 ecclesie
1145 1687 1566 1754 Appamiarum,
1617 1687 1876 1737 vicesima
1925 1705 2070 1737 nona
2121 1687 2206 1736 die
2256 1687 2454 1737 mensis

434 1771 687 1835 ianuarii,
731 1791 873 1824 anno
916 1791 945 1823 a
988 1773 1303 1824 Nativitate
1347 1772 1573 1823 Domini
1612 1772 1895 1823 millesimo
1936 1771 2319 1822 trecentesimo
2361 1772 2452 1822 tri-

437 1856 635 1907 cesimo
679 1858 891 1923 quinto,
932 1857 1294 1923 pontificatus
1335 1857 1669 1908 sanctissimi
1706 1857 1760 1907 in
1802 1856 2014 1908 Christo
2055 1856 2224 1922 patris
2265 1867 2320 1905 et
2359 1857 2451 1906 do-

439 1941 574 1991 mini
611 1943 803 2005 nostri,
843 1941 979 1992 dicti
1016 1941 1226 1992 domini
1262 1942 1550 1992 Benedicti
1587 1959 1728 2007 pape
1770 1941 1901 2003 XII,
1940 1958 2082 1992 anno
2122 1940 2323 2007 primo;
2362 1941 2451 1990 do·

437 2026 585 2075 mino
637 2026 909 2093 Philippo,
961 2026 1062 2077 Dei
1124 2026 1298 2091 gratia
1372 2026 1596 2077 Francie
1654 2044 1776 2090 rege
1840 2035 2121 2091 regnante,
2178 2035 2234 2074 et
2300 2025 2448 2076 dicto

437 2111 657 2160 domino
715 2111 1022 2173 Dominico,
1079 2111 1483 2177 Appamiarum
1541 2111 1793 2176 episcopo
1849 2110 2181 2176 presidente;
2236 2127 2449 2175 presen-

434 2195 583 2245 tibus
629 2195 875 2246 discretis
919 2195 1049 2246 viris
1094 2195 1328 2246 dominis
1374 2195 1614 2246 Arnaldo
1661 2196 1724 2244 de
1771 2195 2065 2245 Rivobuxa
2090 2193 2127 2255 ⁸,
2173 2194 2446 2245 Bernardo

438 2279 643 2342 Galliri,
690 2280 968 2331 Bernardo
1021 2279 1323 2343 Guillermi,
1372 2279 1686 2346 presbiteris
1735 2279 2102 2345 prebendariis
2151 2297 2243 2329 seu
2291 2279 2447 2328 bene-

437 2364 633 2414 ficiatis
671 2363 728 2414 in
766 2365 913 2415 dicta
952 2364 1353 2430 Appamiarum
1390 2364 1637 2426 ecclesia,
1678 2366 1836 2415 Petro
1875 2364 1940 2413 de
1975 2363 2220 2425 Beciaco,
2259 2363 2445 2413 clerico

434 2448 499 2498 de
538 2448 842 2514 Appamiis,
881 2459 936 2498 et
974 2449 1215 2500 Arnaldo
1258 2449 1506 2511 Orfaudi,
1545 2449 1821 2499 serviente
1861 2448 2004 2498 curie
2041 2458 2180 2498 terre
2221 2446 2449 2512 Pariagii

433 2532 596 2583 inhiti
649 2533 793 2583 inter
835 2533 1121 2584 dominum
1163 2544 1418 2584 nostrum
1463 2533 1689 2584 Francie
1729 2551 1909 2598 regem
1951 2543 2005 2582 et
2051 2533 2255 2584 dictam
2286 2532 2447 2582 eccle-

432 2616 571 2667 siam
619 2618 1023 2683 Appamiarum
1070 2618 1305 2669 testibus
1356 2617 1425 2668 ad
1473 2618 1736 2684 premissa
1783 2617 1993 2668 vocatis
2041 2616 2346 2683 specialiter
2391 2625 2446 2665 et

431 2701 657 2766 rogatis.
693 2703 765 2751 Et
793 2720 890 2767 ego
918 2703 1257 2753 Bertrandus
1289 2703 1354 2752 de
1386 2703 1616 2753 Pulchro
1648 2701 2019 2768 Stramine(P),
2050 2702 2114 2751 de
2146 2700 2443 2767 Appamiis,

433 2786 658 2835 tabellio
709 2805 803 2837 seu
851 2787 1099 2838 notarius
1149 2787 1486 2838 auctoritate
1535 2787 1834 2853 apostolica
1883 2797 1938 2836 et
1985 2786 2128 2850 regia
2179 2786 2443 2851 publicuS‚

433 2869 527 2934 qui
567 2871 869 2922 ostensioni
906 2882 963 2920 et
1003 2871 1404 2938 presentationi
1443 2872 1716 2922 dictarum
1754 2871 2082 2932 litterarum,
2121 2869 2442 2931 laudationi,

431 2955 812 3017 ratificationi,
877 2956 1273 3022 approbationi
1333 2955 1645 3007 donationis
1708 2966 1763 3006 et
1837 2954 2192 3006 concessionis
2270 2953 2441 3020 predi-

435 3050 651 3090 ctarum
694 3040 955 3090 tabularii
998 3041 1292 3092 memorati
1333 3052 1387 3091 et
1429 3041 1545 3092 aliis
1589 3040 1860 3107 premissis
1897 3040 2147 3091 omnibus
2175 3057 2283 3089 una
2321 3058 2441 3089 cum

432 3124 837 3189 prenominatis
883 3125 1118 3176 testibus
1163 3125 1406 3187 interfui,
1452 3136 1507 3175 et
1551 3125 1770 3176 easdem
1815 3124 2025 3176 litteras
2071 3142 2252 3174 coram
2298 3123 2439 3173 dicto

432 3208 676 3273 capitulo
710 3209 765 3259 in
796 3209 971 3259 latino
1008 3210 1072 3259 de
1103 3211 1272 3260 verbo
1307 3210 1377 3260 ad
1409 3210 1639 3260 verbum
1673 3220 1726 3259 et
1760 3227 1941 3260 coram
1973 3208 2175 3259 eisdem
2209 3207 2436 3258 testibus

436 3291 641 3356 perlegi
677 3303 731 3342 et
769 3303 981 3344 cartam
1018 3294 1184 3345 istam
1222 3294 1416 3360 recepi,
1456 3294 1642 3360 scripsi
1679 3304 1732 3343 et
1770 3311 1888 3344 mea
1927 3311 2093 3344 manu
2131 3292 2345 3359 propria
2382 3290 2435 3340 in

428 3376 571 3427 hanc
615 3377 892 3442 publicam
937 3378 1174 3429 formam
1217 3379 1417 3443 redegi,
1463 3389 1518 3428 et
1562 3379 1711 3443 signo
1758 3396 1876 3428 meo
1922 3388 2179 3428 consueto
2225 3393 2330 3442 quo
2374 3375 2427 3425 in

339 3519 356 3532 .
428 3459 544 3509 aliis
582 3461 826 3525 predicta
864 3462 1195 3513 auctoritate
1246 3463 1556 3529 apostolica
1601 3462 1829 3528 publicis
1880 3472 2004 3512 utor
2053 3458 2427 3511 instrumentis

427 3542 658 3607 signavi,
696 3556 946 3608 vocatus,
983 3556 1206 3611 rogatus
1243 3557 1297 3596 et
1331 3547 1641 3612 requisitus.

501 3628 649 3677 Nulli
688 3646 830 3692 ergo,
873 3640 995 3692 etc.,
1037 3641 1221 3681 nostre
1264 3631 1784 3693 confirmationis...,
1827 3641 1927 3682 etc.

503 3712 708 3761 Datum
751 3713 1024 3777 Avinioni,
1066 3734 1146 3765 vu
1188 3716 1446 3767 kalendas
1490 3716 1688 3777 martii,
1731 3734 1871 3767 anno
1914 3716 2105 3782 primo,
