2540 4354
467 365 570 414 >438
857 379 1144 412 BULLAlnE
1185 379 1260 410 DE
1302 360 1717 421 L’1NQu1sir10N
1776 378 2094 422 FRANcAisE

472 496 632 546 modo
669 494 863 560 spiritu
897 505 1091 560 raptus
1127 495 1306 560 plures
1341 505 1397 544 et
1430 494 1610 545 varias
1646 493 1881 544 visiones
1918 492 2202 544 habuisset
2239 494 2476 544 humano

466 598 631 633 sensu
664 578 969 642 incognitas
1004 579 1069 627 de
1102 578 1299 644 quibus
1331 597 1401 629 an
1433 598 1462 629 a
1495 578 1692 644 spiritu
1727 577 1827 627 Dei
1857 595 1926 628 an
1958 578 2028 628 ab
2074 576 2323 628 illusione
2367 578 2478 629 dia·

475 663 647 713 bolica
678 661 1068 728 processissent
1097 662 1398 724 dubitaret,
1428 662 1617 711 volens
1647 671 1924 727 quantum
1965 661 2020 711 in
2061 679 2121 710 eo
2164 671 2282 711 erat
2323 679 2483 727 super

475 748 574 796 hoc
609 745 916 806 certificari,
952 746 1171 796 easdem
1205 746 1442 796 visiones
1480 745 1868 796 manifestavit
1900 745 2175 795 nonnullis
2195 744 2321 795 viris
2341 764 2483 810 pres-

430 878 438 883 .
471 830 660 893 ,biteris
701 840 756 879 et
795 829 1053 881 litteratis
1095 830 1191 896 qui
1229 830 1405 880 eidem
1447 830 1689 881 Johanni
1729 831 2120 879 consuluerunt
2175 839 2236 878 ut
2288 847 2376 878 eas
2429 829 2481 880 in

475 913 688 979 scriptis
727 913 995 979 redigeret
1034 915 1103 964 ad
1143 915 1243 964 hoc
1283 925 1345 964 ut
1384 932 1545 980 super
1583 914 1685 964 illis
1726 924 1912 979 posset
1953 913 2144 964 melius
2198 912 2483 964 deliberari

476 1009 530 1047 ct
560 998 792 1048 discerni
821 1017 850 1048 a
882 1017 988 1064 quo
1031 998 1225 1064 spiritu
1272 1009 1650 1064 processerant
1690 1009 1746 1048 et
1788 1017 1858 1049 an
1889 998 1963 1049 eis
1995 1008 2138 1049 esset
2172 997 2302 1048 fides
2335 998 2484 1048 adhi-

478 1083 683 1144 benda3
728 1083 983 1149 quodque
1026 1083 1140 1150 ipse
1162 1084 1439 1135 Johannes
1458 1083 1776 1134 huiusmodi
1793 1083 1991 1133 ductus
2013 1082 2235 1132 consilio
2270 1082 2485 1133 easdem

479 1167 711 1218 visiones
736 1178 900 1234 prout
922 1186 1012 1218 eas
1036 1169 1306 1218 habuerat
1329 1168 1533 1234 partim
1557 1167 1775 1234 propria
1796 1187 1962 1220 manu
1981 1167 2199 1233 scripsit
2215 1178 2270 1217 et
2288 1167 2485 1233 partim

480 1269 574 1318 per
604 1251 772 1303 alium
804 1252 965 1303 scribi
996 1253 1127 1303 fecit
1158 1271 1358 1318 easque
1392 1252 1463 1302 sic
1487 1254 1717 1319 scriptas
1736 1253 1961 1318 prefatis
1980 1251 2108 1302 viris
2130 1251 2378 1314 tradidit,
2398 1252 2490 1318 qui

482 1337 555 1387 eis
579 1335 707 1386 visis
731 1347 787 1386 et
810 1336 1098 1402 diligenter
1121 1337 1451 1388 examinatis
1475 1338 1735 1388 dixerunt
1761 1337 1906 1402 quod
1935 1336 2164 1387 firmiter
2199 1337 2489 1389 credebant

483 1421 703 1472 easdem
741 1421 975 1472 visiones
1015 1422 1306 1487 procedere
1343 1441 1372 1472 a
1415 1421 1611 1487 spiritu
1654 1421 1770 1481 Dei,
1811 1439 1936 1471 cum
1986 1421 2040 1470 in
2081 1420 2182 1470 illis
2222 1439 2330 1471 non
2371 1439 2489 1472 con-

484 1506 751 1555 tineretur
779 1506 988 1571 aliquid
1018 1525 1214 1557 sonans
1247 1517 1436 1557 contra
1467 1506 1798 1557 catholicam
1831 1506 2014 1567 fidem,
2044 1516 2098 1555 et
2118 1506 2264 1571 quod
2281 1505 2354 1555 eis
2374 1516 2490 1557 tute

490 1591 620 1641 fides
646 1600 866 1656 poterat
890 1590 1164 1653 adhiberi;
1190 1602 1244 1640 et
1271 1592 1416 1656 quod
1443 1591 1637 1641 deinde
1657 1610 1780 1641 cum
1804 1591 1918 1656 ipse
1939 1590 2219 1641 Johannes
2239 1589 2293 1639 in
2313 1590 2490 1642 animo

487 1685 693 1741 gereret
728 1686 781 1724 et
833 1677 999 1726 verbo
1041 1687 1304 1726 assereret
1355 1677 1500 1741 quod
1551 1677 1590 1725 si
1635 1676 1688 1725 in
1735 1675 2049 1725 huiusmodi
2094 1673 2309 1740 scriptis
2357 1686 2495 1726 esset

488 1752 692 1826 aliquid
726 1779 925 1812 sonans
957 1771 1146 1811 contra
1179 1761 1507 1811 catholicam
1541 1761 1644 1810 fide
1666 1761 1771 1810 mei
1789 1761 2004 1810 credere
2022 1779 2131 1810 non
2150 1760 2490 1823 intendebat,

490 1845 720 1896 dilectus
785 1845 926 1896 filius
993 1846 1356 1911 Raymundus
1410 1845 1646 1910 Rogerii,
1695 1845 1898 1895 ordinis
1961 1845 2195 1895 fratrum
2256 1844 2493 1910 predica-

491 1941 673 1980 torum
725 1930 1013 1996 professor,
1066 1932 1135 1980 ab
1186 1931 1379 1980 eodem
1433 1930 1685 1980 Johanne
1717 1930 1878 1995 petiit
1913 1928 2228 1979 huiusmodi
2277 1929 2494 1994 scripta,

493 2015 585 2080 qui
621 2034 682 2066 ea
720 2015 823 2065 sibi
860 2016 1200 2066 confidenter
1237 2015 1486 2076 tradidit,
1525 2033 1722 2080 rogans
1760 2015 1940 2080 ipsum
1992 2025 2054 2063 ut
2103 2032 2164 2065 ea
2216 2013 2495 2079 diligenter

492 2099 782 2166 inspiceret
813 2110 867 2149 et
898 2100 1109 2150 videret
1140 2118 1210 2150 an
1240 2100 1294 2149 in
1325 2100 1425 2149 illis
1456 2110 1598 2149 esset
1628 2099 1835 2164 aliquid
1867 2098 1953 2148 cui
1983 2096 2344 2167 non]deberet
2364 2098 2490 2148 fides

494 2185 769 2246 adhiberi,
802 2185 1056 2250 idemque
1095 2186 1480 2249 Raymundus,
1513 2195 1810 2250 postquam
1859 2184 1949 2234 illa
1998 2183 2157 2244 vidit,
2218 2181 2494 2248 respondit

498 2271 644 2334 quod
709 2280 968 2320 contenta
1046 2269 1100 2319 in
1142 2269 1215 2319 eis
1259 2268 1372 2319 eius
1422 2269 1619 2319 iudicio
1667 2279 1823 2319 erant
1867 2270 2008 2319 bona
2053 2278 2107 2317 et
2149 2286 2274 2318 vera
2317 2267 2493 2332 eisque

501 2355 632 2403 fides
670 2355 918 2405 adhiberi
948 2355 1203 2414 debebat,
1235 2365 1290 2403 et
1326 2354 1441 2419 ipse
1478 2354 1646 2404 etiam
1683 2353 1756 2402 eis
1799 2353 1962 2402 fidem
2014 2353 2210 2412 dabat3
2248 2352 2495 2416 idemque

500 2439 779 2490 Johannes
818 2439 1031 2504 prefato
1074 2439 1406 2504 Raymundo
1442 2438 1582 2487 dixit
1631 2439 1777 2503 quod
1822 2456 1883 2488 ea
1937 2439 2071 2486 bene
2120 2437 2329 2486 videret
2375 2434 2495 2501 quia

499 2523 734 2573 intentio
769 2543 865 2574 sua
899 2534 1017 2574 erat
1050 2542 1184 2589 pura
1220 2534 1274 2572 et
1333 2524 1472 2573 bona
1529 2533 1699 2588 atque
1755 2522 2046 2582 catholica,
2092 2522 2349 2586 quodque
2402 2518 2494 2569 eis·

500 2609 623 2658 dem
679 2608 894 2674 scriptis
953 2609 1167 2657 credere
1222 2627 1331 2657 non
1379 2608 1705 2657 intendebat
1758 2607 1861 2656 nisi
1916 2607 1959 2655 si
2013 2617 2067 2655 et
2121 2606 2176 2655 in
2232 2614 2495 2671 quantum

499 2703 679 2742 essent
721 2693 1008 2754 catholica,
1048 2703 1104 2742 et
1146 2711 1269 2742 cum
1310 2692 1422 2757 ipse
1465 2703 1606 2742 esset
1653 2691 1840 2757 [laicus
1883 2701 1937 2740 et
1961 2689 2007 2756 2]
2049 2691 2240 2755 ydiota
2284 2689 2500 2739 volebat

503 2795 596 2843 per
623 2777 803 2843 ipsum
837 2778 1232 2843 Raymundum
1261 2788 1315 2826 et
1344 2777 1477 2826 alios
1535 2775 1737 2841 peritos
1777 2775 1957 2825 doceri
2008 2785 2062 2824 et
2112 2774 2313 2825 instrui
2375 2770 2499 2838 quid

501 2862 555 2911 in
605 2862 882 2927 premissis
934 2862 1147 2911 credere
1199 2862 1449 2922 deberet3
1501 2859 1587 2909 cui
1637 2860 1815 2909 dictus
1882 2860 2248 2924 Raymundus
2309 2858 2499 2908 iterato

501 2947 785 3011 respondit
834 2947 979 3012 quod
1033 2946 1260 2996 firmiter
1307 2956 1362 2995 et
1410 2963 1595 2994 secure
1644 2945 1718 2994 eis
1755 2945 1970 2994 credere
2005 2954 2224 3009 poterat
2257 2953 2312 2992 et
2348 2941 2500 2991 debe·

505 3031 627 3092 bat3
661 3042 717 3080 et
751 3032 975 3083 tandem
1010 3031 1189 3096 ipsum
1226 3030 1537 3080 Johannem
1584 3047 1694 3079 non
1747 3029 1982 3079 citatum
2030 3046 2127 3078 nec
2176 3024 2496 3076 iudicialiter

480 3116 765 3165 'vocatum
827 3115 987 3166 duxit
1048 3116 1117 3166 ad
1181 3114 1513 3180 presentiam
1575 3113 1761 3163 dilecti
1827 3113 1921 3163 filii
1977 3111 2222 3177 Hugonis
2274 3111 2335 3161 de
2389 3107 2498 3158 Vir-

505 3200 651 3249 duno
676 3199 713 3261 ³,
752 3199 1070 3265 professoris
1108 3199 1241 3249 dicti
1279 3198 1499 3259 ordinis,
1539 3198 1594 3248 in
1630 3197 1911 3263 provincia
1943 3197 2251 3246 Tholosana
2285 3190 2499 3258 inquisi-

505 3283 636 3332 toris
681 3283 915 3332 heretice
959 3283 1278 3348 pravitatis;
1323 3283 1576 3347 idemque
1634 3281 1925 3346 inquisitor
1970 3281 2148 3345 ipsum
2196 3279 2495 3329 Johannem

506 3366 865 3432 interrogavit
898 3386 965 3417 an
1000 3378 1259 3416 contenta
1293 3367 1346 3416 in
1380 3365 1636 3431 predictis
1671 3365 1885 3430 scriptis
1933 3365 2200 3425 crederet3
2224 3362 2314 3428 qui
2331 3360 2497 3410 eidem

507 3449 816 3516 inquisitori
859 3451 1143 3517 respondit
1190 3452 1335 3516 quod
1382 3450 1681 3500 dubitabat
1726 3450 1769 3499 si
1797 3467 1857 3499 ea
1907 3449 2121 3498 credere
2164 3448 2382 3497 deberet
2419 3439 2498 3491 vel

508 3521 617 3586 non
668 3545 723 3585 et
776 3537 921 3601 quod
976 3555 1068 3601 pro
1112 3535 1439 3586 certitudine
1492 3554 1587 3585 sua
1650 3534 1873 3583 volebat
1938 3544 2081 3584 stare
2132 3523 2540 3582 deliberationi.

509 3617 676 3684 ipsius
715 3619 1051 3685 inquisitoris
1090 3630 1145 3670 et
1183 3620 1415 3671 aliorum
1453 3619 1774 3685 peritorum,
1813 3617 1938 3667 licet
1986 3635 2080 3682 per
2117 3616 2325 3666 dictum
2364 3612 2498 3674 Ray·
2539 3673 2540 3680 ἵ

511 3702 778 3753 mundum
828 3704 931 3754 sibi
979 3704 1171 3755 fuisset
1219 3722 1542 3769 responsum
1593 3703 1739 3768 quod
1790 3701 1863 3752 eis
1919 3700 2146 3751 firmiter
2210 3709 2265 3748 et
2327 3696 2540 3746 secure}

514 3786 728 3840 credere
766 3797 987 3858 poterat·
1038 3798 1093 3839 et
1133 3789 1397 3850 debebat3
1439 3787 1794 3856 prefatusque
1845 3785 2137 3853 inquisitor
2187 3781 2360 3835 eidem
2407 3777 2495 3827 J0.
2533 3787 2540 3830 4

2534 3941 2538 3992 j
