2540 4354
427 356 528 407 224
827 377 1112 410 num-Amr:
1156 379 1231 410 DE
1275 361 1690 428 L’1NQu1srrlor3
1734 374 2052 421 FRANQAISE

1283 563 1502 624 —147
1545 598 1619 606 ——

506 707 689 757 Benoit
721 704 848 755 XII
877 706 1078 756 exhorte
1110 706 1153 755 le
1185 705 1427 771 dauphin
1459 706 1518 756 de
1557 705 1814 756 Viennois
1847 706 2104 756 Humbert
2127 705 2147 736 ¹
2179 711 2211 758 ὰ
2241 710 2432 760 recher-

422 790 535 840 cher
572 790 992 854 soigneusement
1031 790 1101 840 les
1141 790 1426 856 he'retiques
1467 789 1685 840 vaudois
1725 789 1951 855 re'jugie's
1991 791 2123 841 dans
2162 810 2240 842 ses
2279 804 2430 845 terres

422 887 465 925 et
497 879 530 925 ὰ
562 875 632 924 les
665 874 821 924 livrer
851 892 957 924 aux
990 874 1352 940 inquisiteurs.
1387 905 1456 910 —
1485 874 1756 938 Avignon,
1792 875 1855 924 16
1886 874 2004 939 juin
2037 875 2189 926 1335.

765 1008 870 1061 Reg.
898 1009 1011 1062 Vct„
1034 1017 1066 1050 t.
1093 1023 1238 1062 cxxx,
1259 1023 1303 1050 n.
1326 1009 1426 1062 345„
1446 1008 1523 1050 fol.
1547 1009 1621 1057 58;
1647 1008 1860 1063 Daumet,
1881 1023 1951 1064 op.
1974 1010 2061 1063 cit„
2083 1024 2126 1053 n,
2149 1011 2203 1052 69
2229 1009 2294 1064 (in
2314 1009 2430 1064 ext.).

495 1131 705 1180 Dilecto
764 1130 873 1180 filio
928 1131 1098 1181 nobili
1152 1130 1269 1181 viro
1329 1131 1657 1192 Humberto,
1717 1131 1935 1181 Dalfino
1994 1132 2302 1183 Viennensi.
2361 1163 2427 1169 —

421 1216 669 1265 Deducto
714 1233 888 1281 nuper
915 1215 1066 1266 ad...
1105 1249 1172 1254 —
1210 1216 1419 1266 Datum
1487 1215 1763 1278 Avinioni,
1821 1236 1919 1267 xvl
1976 1217 2236 1267 kalendas
2291 1216 2425 1280 iulii,

417 1319 559 1351 anno
602 1300 796 1367 prim0.

471 1427 511 1467 ‘l.
548 1427 774 1468 Humbert
798 1427 858 1479 ΙΙ,
884 1427 951 1468 fils
975 1428 1030 1467 de
1052 1427 1167 1468 Jean
1192 1427 1237 1467 II
1261 1435 1307 1468 et
1328 1428 1383 1468 de
1403 1427 1589 1469 Beati-ix
1610 1428 1665 1469 de
1689 1427 1901 1481 Hongrie,
1926 1429 1980 1469 ne
2003 1442 2058 1469 en
2079 1428 2212 1478 1312;
2237 1431 2425 1471 succede

414 1499 439 1537 a
460 1511 541 1537 son
561 1497 673 1538 frere
695 1497 868 1550 Guigue
888 1498 1019 1546 VIII,
1039 1498 1080 1538 le
1100 1498 1152 1538 23
1176 1497 1321 1550 juillet
1340 1498 1473 1546 1333;
1495 1498 1614 1539 vend
1633 1491 1781 1539 l’Etat
1800 1499 1862 1539 du
1883 1498 2122 1552 Dauphine
2139 1501 2164 1540 a
2185 1499 2316 1552 Jean‚
2337 1500 2424 1542 duc

415 1568 469 1608 de
493 1568 782 1621 Normandie,
805 1583 887 1622 par
907 1584 969 1609 un
991 1576 1090 1609 acte
1113 1569 1174 1609 du
1197 1569 1221 1609 9
1243 1567 1342 1621 juin
1362 1568 1495 1617 1:³443
1520 1576 1625 1622 part
1645 1583 1759 1622 pour
1780 1578 1822 1610 la
1845 1568 2044 1610 croisade
2067 1583 2121 1610 en
2143 1570 2275 1619 1345;
2300 1577 2424 1612 entre

414 1638 525 1679 dans
553 1636 714 1679 l’ordre
742 1640 818 1680 des
846 1639 1140 1680 dominicains
1169 1640 1194 1679 a
1222 1638 1366 1691 Lyon,
1393 1639 1433 1679 le
1460 1639 1513 1679 ‘17
1542 1638 1690 1691 juillet
1715 1639 1848 1688 13493
1878 1639 2063 1680 devient
2088 1641 2237 1694 pretre
2264 1641 2290 1680 a
2317 1640 2424 1680 Avi-

417 1722 550 1761 gnon,
572 1709 613 1749 le
634 1709 687 1749 25
711 1709 945 1750 decembre
966 1710 1100 1758 1350;
1123 1708 1378 1763 patriarche
1401 1707 1730 1752 d'Alexandrie.
1755 1710 1795 1750 le
1816 1710 1885 1749 ’1θῖ
1918 1710 2094 1762 janvier
2114 1710 2247 1759 1351;
2284 1710 2424 1751 admi-

412 1778 659 1820 nistrateur
687 1780 742 1820 de
770 1779 937 1832 l’eglise
966 1781 1022 1820 de
1052 1779 1220 1832 Reims,
1250 1780 1290 1820 le
1319 1780 1373 1820 30
1404 1779 1517 1820 avril
1546 1780 1680 1828 1352;
1710 1787 1862 1820 meurt
1889 1780 1930 1820 le
1959 1781 2012 1820 22
2042 1780 2133 1822 mai
2162 1781 2288 1822 1355.
2321 1781 2422 1834 Guy

407 1848 579 1902 Allard,
605 1849 800 1890 Histoire
824 1850 875 1890 de
901 1849 1115 1891 Humbert
1141 1850 1210 1903 II,
1236 1850 1438 1903 dauphin
1463 1850 1513 1890 de
1543 1849 1770 1903 Viennois,
1799 1849 2035 1903 Grenoble,
2061 1851 2195 1899 1688;
2223 1850 2279 1891 de
2306 1851 2423 1892 Mas-

408 1918 575 1972 Latrie,
600 1909 670 1974 op.
697 1920 782 1972 cit„
810 1920 891 1961 col.
918 1921 1051 1969 1700;
1078 1921 1220 1962 Nous).
1252 1920 1384 1973 biogr.
1413 1921 1507 1973 ge'n.
1538 1919 1729 1974 (Didot),
1774 1928 1859 1961 art.
1887 1920 2100 1961 Humbert
2125 1921 2180 1961 II
2190 1937 2198 1970 ;
2229 1921 2282 1963 U.
2310 1921 2418 1963 Che-

412 1989 562 2041 valier,
589 1990 850 2044 Repertoire,
879 1999 986 2039 etc.;
1017 1991 1175 2044 Eubel,
1201 1990 1343 2044 Hier„
1371 1998 1405 2032 t.
1433 2005 1466 2044 1,
1492 2005 1536 2045 p.
1566 1991 1636 2044 82,
1662 1991 1760 2032 440.

1261 2342 1593 2402 -148-

476 2508 546 2557 Le
573 2525 711 2572 pape
737 2524 912 2572 presse
939 2506 1158 2572 l'e'veque
1184 2507 1243 2557 de
1277 2507 1497 2558 Valence
1523 2507 1583 2556 de
1607 2506 1848 2556 seconder
1873 2506 1932 2556 de
1957 2517 2117 2557 toules
2143 2526 2221 2556 ses
2245 2508 2406 2574 soree-s·

403 2591 615 2643 l’oeuvre
662 2591 722 2641 de
768 2593 819 2641 la
866 2592 1161 2658 repression
1207 2591 1293 2642 des
1339 2591 1623 2658 he're'tiques
1672 2591 1891 2642 vaudois
1953 2592 2233 2657 entreprise
2279 2593 2411 2644 dans

407 2694 503 2726 son
529 2675 728 2726 diocese
754 2695 853 2742 par
880 2676 951 2728 les
978 2676 1323 2743 inquisiteurs
1349 2676 1408 2727 de
1434 2678 1486 2728 la
1510 2676 1599 2742 soi.
1629 2705 1698 2712 —
1722 2675 1993 2741 Avignon,
2025 2675 2087 2726 16
2113 2676 2230 2740 juin
2259 2677 2406 2728 1335.

688 2811 937 2864 Reg.'Val.,
962 2819 994 2851 t.
1022 2825 1167 2864 cxxx,
1191 2811 1266 2852 fol.
1294 2826 1426 2864 Lvm,
1449 2825 1493 2852 n.
1517 2811 1622 2859 344;
1649 2810 1863 2863 Daumet‚
1885 2823 1955 2863 op.
1981 2809 2067 2862 cit„
2092 2824 2134 2850 n.
2161 2811 2214 2850 68
2242 2809 2407 2864 (anal.).

473 2931 782 2981 Venerabili
804 2931 1054 2982 fratri..1
1094 2932 1346 2998 episcopo
1405 2931 1678 2982 Valentin.
1722 2960 1790 2966 —
1829 2931 1911 2981 Ad
1966 2930 2139 2981 nostri
2190 2940 2404 2996 aposto-

398 3015 544 3069 latus
594 3016 846 3082 pervenit
893 3016 1147 3066 auditum
1198 3018 1342 3081 quod
1390 3016 1445 3065 in
1492 3016 1648 3066 terris
1696 3015 1798 3066 tibi
1858 3014 2066 3064 ratione
2133 3014 2402 3065 Valentin.

396 3110 450 3148 et
493 3099 647 3151 Dien.
690 3100 1038 3151 ecclesiarum
1077 3101 1335 3151 subiectis
1376 3100 1623 3151 nonnulli
1673 3100 1902 3150 latitant
1935 3096 2159 3149 heretici
2198 3116 2397 3164 preser-

396 3184 498 3234 tim
534 3186 598 3234 de
636 3195 785 3235 secta
823 3186 1127 3251 dampnata
1166 3185 1543 3236 Waldensium
1578 3185 1782 3235 ibidem
1818 3184 1925 3234 suis
1963 3183 2246 3233 venenosis
2283 3199 2401 3246 sug-

397 3268 733 3332 gestionibus
778 3270 962 3320 fideles
1003 3270 1221 3320 inficere
1265 3270 1562 3336 periculose
1604 3269 1834 3319 nimium
1876 3277 2206 3333 satagentes.
2265 3266 2400 3317 Sane

395 3353 521 3417 quia
570 3353 673 3404 nisi
720 3354 951 3420 predicti
999 3354 1222 3405 heretici
1269 3355 1694 3421 extirparentur‚
1743 3352 1805 3404 u't
1853 3352 2091 3419 expedit,
2143 3369 2398 3416 magnum

393 3436 790 3488 detrimentum
845 3438 973 3489 fidei
1025 3439 1291 3490 catholice
1344 3440 1413 3491 ad
1468 3439 1617 3489 cuius
1671 3438 2043 3488 defensionem
2097 3435 2399 3502 specialiter

393 3538 460 3569 ex
494 3521 575 3571 tui
639 3523 947 3586 presulatus
985 3522 1158 3573 officio
1195 3541 1248 3574 es
1285 3524 1541 3574 astrictus
1577 3533 1632 3572 et
1667 3522 1966 3589 periculosa
2004 3519 2244 3570 fidelium
2279 3536 2396 3584 par-

392 3605 532 3654 tium
562 3605 780 3656 illarum
811 3607 1070 3658 scandala
1103 3618 1325 3673 possent
1356 3608 1527 3674 sequi,
1562 3606 1968 3656 fraternitatem
1999 3614 2154 3653 tuam
2187 3612 2395 3652 attente

395 3688 716 3753 requirimus
752 3690 960 3757 tibique
996 3691 1295 3742 districtius
1331 3689 1662 3758 iniungimus
1687 3701 1743 3740 et
1778 3689 2102 3740 mandamus
2140 3687 2393 3752 quatinus

394 3771 800 3823 consideranter
845 3776 1139 3827 attendens
1189 3777 1333 3842 quod
1382 3775 1619 3826 multum
1666 3774 1964 3841 periculosa
2011 3781 2066 3821 et
2111 3771 2392 3836 reprehen-
