2540 4354
514 364 614 419 386
900 384 1188 419 nnuman
1227 385 1302 418 nt:
1338 367 1756 428 L’momsl‘moN
1795 384 2109 429 FRANCAISE

509 501 686 567 possit
731 501 1017 567 provenire
1065 501 1321 552 subsidiis
1370 502 1516 568 quod
1563 502 1766 567 ubique
1812 501 1997 566 vigeat
2042 502 2206 566 gloria
2256 504 2519 555 catholice

505 585 764 651 puritatis
793 588 885 652 (a).
926 585 1063 635 Sane
1100 603 1274 650 nuper
1308 586 1376 635 ad
1413 596 1663 653 nostrum
1681 603 1790 635 non
1809 585 1922 635 sine
1941 585 2114 635 cordis
2147 587 2514 640 amaritudine

503 669 754 734 pervenit
801 656 1058 719 auditum
1107 670 1254 734 quod
1302 670 1357 719 in
1404 670 1679 720 nonnullis
1727 679 1821 718 tue
1867 669 2093 719 diocesis
2141 681 2196 719 et
2243 671 2515 736 aliquibus

505 753 622 802 aliis
678 752 1077 802 circumvicinis
1133 753 1381 818 partibus
1436 754 1571 804 adeo
1627 763 1882 817 patenter
1934 754 2168 803 heretice
2223 756 2512 819 pravitatis

505 855 651 886 error
681 837 919 887 invaluit
952 837 1097 901 quod
1129 837 1332 886 ibidem
1365 837 1758 902 quamplurimi
1788 855 1817 887 a
1864 837 1951 887 via
1999 838 2247 888 veritatis
2294 858 2508 904 prorsus

510 921 686 970 aversi
714 931 906 970 euntes
937 931 1062 985 post
1092 921 1314 970 devium
1345 921 1601 971 falsitatis
1632 939 1694 971 ac
1723 939 1778 970 se
1807 921 1950 986 ipsos
1981 921 2206 971 diversis
2250 933 2305 971 et
2348 925 2508 974 variis

507 1005 783 1055 heresibus
845 1005 1184 1055 maculantes
1245 1005 1530 1070 pestiferas
1591 1006 1659 1055 ad
1721 1005 2146 1055 concutiendum
2207 1008 2509 1059 orthodoxe

500 1108 720 1139 murum
775 1090 903 1140 fidei
955 1090 1236 1141 machinas
1290 1100 1644 1151 construunt,
1670 1089 1961 1155 ipsumque
2013 1091 2320 1141 subvertire
2363 1092 2508 1144 falsis

498 1174 736 1239 vulpinis
800 1174 1127 1240 impulsibus
1191 1173 2061 1244 falentium{argumentationum
2088 1175 2164 1240 (b)
2195 1175 2504 1228 intendunt.

499 1259 698 1308 Verum
742 1259 868 1325 quia
913 1260 1032 1324 a[d]
1072 1259 1269 1309 talium
1310 1259 1499 1325 iniqua
1542 1259 1747 1325 ubique
1788 1261 2185 1324 prosternenda
2228 1261 2504 1314 molimina

494 1362 555 1393 eo
607 1344 905 1395 animosius
959 1345 1265 1410 aspiramus
1319 1363 1426 1410 quo
1494 1343 1847 1410 perniciosius
1913 1361 1974 1395 ea
2041 1344 2096 1395 in
2161 1345 2504 1411 dispendium

494 1428 802 1479 animarum
833 1429 1162 1493 ambigimus
1193 1429 1518 1489 redundare,
1568 1428 1975 1478 fraternitatem
2022 1439 2177 1480 tuam
2223 1431 2506 1482 hortamur

453 1512 763 1578 ‚attentius
825 1513 927 1563 tibi
1002 1513 1373 1563 nichilomnus
1435 1531 1529 1579 per
1589 1514 1890 1578 apostolica
1928 1514 2130 1580 scripta
2178 1516 2500 1567 mandantes

492 1598 753 1662 quatinus
797 1609 987 1648 contra
1031 1598 1175 1663 ipsos
1221 1597 1504 1658 hereticos,
1549 1597 1848 1658 credentes,
1892 1597 2151 1659 fautores,
2196 1599 2498 1650 defensores

489 1692 543 1730 et
574 1692 945 1747 receptatores
977 1700 1184 1743 eorum,
1218 1692 1383 1747 prout
1414 1682 1481 1731 ad
1515 1692 1675 1730 tuum
1707 1692 1923 1747 spectat
1955 1682 2210 1743 officium,
2243 1683 2316 1732 sic
2347 1684 2496 1736 iuxta

490 1766 780 1816 canonicas
840 1766 1149 1817 sanctiones
1209 1766 1498 1832 procedere
1557 1766 1798 1827 studeas,
1858 1766 1932 1815 sic
1975 1767 2284 1832 inquisitori
2343 1769 2495 1818 huius

489 1851 723 1900 heretice
763 1851 1059 1916 pravitatis
1100 1869 1194 1916 per
1231 1869 1330 1900 nos
1369 1851 1423 1900 in
1463 1851 1713 1916 partibus
1753 1850 1854 1899 illis
1895 1852 2164 1916 deputato
2205 1852 2341 1903 circa
2382 1864 2494 1904 tam

487 1935 637 2000 pium
684 1935 1037 1985 commissum
1082 1935 1129 1984 ei
1172 1935 1455 1999 negotium
1500 1935 1792 1985 salubriter
1835 1936 2217 2000 exequendum
2264 1937 2492 1988 consiliis

484 2029 538 2068 et
582 2019 798 2072 auxiliis
842 2030 897 2068 et
941 2019 1223 2070 favoribus
1269 2019 1555 2084 oportunis
1599 2019 1841 2079 assistas,
1889 2020 2034 2084 quod
2079 2030 2176 2069 tuo
2221 2021 2493 2072 mediante

483 2104 740 2169 suffragio
773 2122 870 2170 per
899 2115 1059 2153 tuum
1090 2114 1145 2153 et
1174 2104 1288 2154 eius
1320 2122 1535 2154 sacrum
1568 2104 1932 2154 ministerium
1963 2122 2026 2155 ac
2056 2105 2301 2154 studium
2332 2106 2488 2170 vigile

481 2199 536 2237 et
585 2188 989 2238 solicitudinem
1037 2188 1385 2249 indefessam,
1436 2199 1618 2253 partes
1668 2188 1781 2253 ipse
1829 2190 1899 2240 ab
1948 2189 2261 2238 huiusmodi
2309 2190 2487 2255 pravis

481 2273 747 2338 contagiis
782 2273 1073 2323 assistente
1108 2272 1294 2322 divina
1331 2272 1503 2336 gratia
1539 2283 1931 2337 expurgentur,
1967 2291 2029 2323 ac
2066 2273 2192 2323 fidei
2226 2274 2486 2324 catholice

477 2358 627 2408 nitor
677 2358 1076 2423 multiplicetur
1127 2367 1182 2406 et
1233 2357 1496 2406 solidetur
1546 2357 1750 2406 ibidem
1801 2368 1855 2406 et
1908 2357 2101 2407 clarius
2154 2369 2209 2407 et
2259 2358 2486 2408 lucidius

476 2444 772 2503 elucescat3
832 2454 1004 2507 tuque
1039 2442 1267 2507 proinde
1324 2452 1503 2506 preter
1561 2451 1744 2491 eterne
1801 2442 2176 2493 retributionis
2218 2442 2481 2508 premium

475 2538 722 2577 nostram
767 2537 821 2575 et
867 2526 1166 2591 apostolice
1213 2525 1362 2575 Sedis
1411 2526 1849 2577 benedictionem
1894 2536 1949 2575 et
1995 2526 2228 2590 gratiam
2268 2527 2480 2577 uberius

474 2611 733 2676 consequi
767 2610 1039 2660 merearis.
1075 2639 1142 2645 —
1175 2610 1381 2661 Datum
1415 2610 1690 2671 Avinioni‚
1724 2629 1779 2659 VI
1814 2611 2074 2661 kalendas
2107 2611 2309 2677 aprilis,
2341 2629 2480 2664 anno

468 2696 723 2747 secundo.

548 2871 753 2923 Eodem
784 2875 965 2936 modo,
997 2893 1119 2926 ven.
1151 2874 1307 2925 fratri
1335 2874 1664 2940 ..⁵episcopo
1687 2873 1960 2923 Valentin.
1980 2883 2034 2921 et
2058 2873 2233 2933 Dien„
2254 2870 2474 2922 mutatis
2539 2938 2540 2942 Ἰ

468 2959 768 3020 mutandis,
807 2961 1183 3022 salutem,et(:.
1222 2988 1290 2993 ——
1329 2959 1534 3009 Datum
1573 2969 1632 3007 ut
1668 2977 1848 3023 supra.

523 3155 579 3210 (α)
613 3153 718 3206 Reg.
746 3169 756 3195 :
784 3154 951 3209 ubique
976 3154 1172 3207 vigent...
1199 3155 1383 3209 puritas.

520 3225 577 3280 (b)
611 3224 715 3276 Reg.
751 3240 761 3266 ι
794 3226 1210 3278 augmentationum.

519 3358 559 3398 1.
593 3358 678 3399 Sur
701 3359 886 3400 l’action
911 3360 966 3401 de
993 3359 1201 3414 Gregoire
1228 3360 1296 3401 XI
1323 3367 1476 3401 contre
1503 3361 1564 3401 les
1591 3360 1780 3402 vaudois
1806 3362 1867 3401 du
1896 3360 2150 3414 Dauphine,
2178 3361 2273 3403 voir
2298 3376 2339 3402 n.
2365 3359 2465 3402 286·

456 3428 540 3467 308
561 3435 606 3468 et
627 3429 960 3482 Introduction,
979 3444 1023 3483 p.
1045 3444 1139 3471 LVII
1159 3445 1225 3484 sq.

512 3498 551 3537 2.
584 3498 779 3539 Amedee
802 3499 886 3548 VI;
913 3500 1010 3540 voir
1032 3515 1075 3541 n.
1101 3502 1200 3553 235,
1224 3509 1329 3557 note
1352 3502 1393 3543 4.

514 3568 553 3607 3.
587 3569 758 3620 Aymar
784 3569 867 3616 VI;
897 3570 993 3610 voir
1019 3586 1061 3611 n.
1089 3572 1187 3622 235,
1215 3579 1320 3612 note
1346 3573 1385 3612 5.

512 3638 552 3677 ln.
590 3638 738 3678 Pierre
763 3640 971 3691 d’Ameil,
998 3642 1270 3694 benedictin,
1296 3643 1485 3684 d'abord
1511 3644 1792 3697 archeveque
1817 3645 1871 3685 de
1896 3644 2066 3684 Vienne
2095 3644 2163 3696 (27
2189 3640 2455 3692 avril1362)‚

462 3707 560 3758 puis
586 3708 640 3746 de
687 3710 850 3761 Naples
879 3710 919 3761 (9
942 3711 1120 3762 janvier
1143 3712 1294 3763 1363);
1321 3713 1442 3752 enfin
1466 3714 1736 3766 d’Embrun,
1761 3715 1799 3754 le
1824 3716 1847 3754 5
1872 3715 2126 3767 septembre
2151 3714 2274 3753 1365.
2319 3711 2353 3751 ll
2389 3710 2454 3750 fut
2505 3711 2508 3719 ’

462 3776 545 3815 fait
576 3778 772 3819 cardinal
804 3780 863 3819 (lu
896 3781 999 3833 titre
1029 3782 1085 3820 de
1114 3781 1403 3832 saint-Marc,
1434 3783 1473 3823 le
1502 3784 1555 3825 16
1586 3785 1821 3824 decembre
1850 3785 1977 3836 1378,
2008 3799 2090 3837 par
2119 3783 2318 3824 Clement
2347 3778 2450 3825 VII;
