2540 4354
906 352 1192 402 οιιὲοοιιιιι
1224 370 1283 403 xi
1989 352 2089 404 407

118 484 387 539 &Dilecto
407 483 554 535 filio..
572 482 881 549 inquisitori
898 484 1130 534 heretice
1151 486 1436 549 pravitatis
1460 487 1515 538 in
1539 487 1830 549 Arelatem,
1853 486 2079 553 Aquen„

30 619 33 623 .
99 571 141 613 ‘²ss
128 567 453 622 bredunen
493 576 551 617 et
591 566 853 617 Viennen.
895 565 1230 629 civitatibus,
1272 569 1572 621 diocesibus
1602 582 1657 620 et
1688 569 1993 636 provinciis,
2025 578 2081 618 et

107 688 157 718 .·
223 649 267 702 is
297 649 415 702 aliis
446 649 692 716 partibus
723 649 1010 715 deputate,
1042 650 1291 712 salutem,
1337 662 1440 703 etc.
1486 681 1555 689 —
1600 652 1903 718 Fidedignis
1947 652 2078 702 rela-

35 796 37 798 .
98 733 173 794 35.
168 751 251 786 us
284 732 533 784 dolenter
563 730 876 783 audivimus
911 732 1056 798 quod
1090 733 1146 783 in
1180 734 1455 799 provincia
1502 735 1894 797 Tarantasien„
1941 733 2077 786 limi-

106 804 136 878 ’ζ’
174 834 259 868 ·us
293 825 387 866 tue
427 814 797 881 Inquisitionis
833 814 1106 880 contigua,
1143 827 1270 867 sunt
1305 819 1560 869 nonnulle
1610 837 1833 885 persone
1882 817 2077 867 utrius·

95 890 123 947 Ῑρ·
179 917 210 951 8
248 917 408 951 sexus
449 899 649 950 infecte
688 898 810 949 labe
852 898 1086 948 heretice
1129 900 1445 965 pravitatis;
1485 912 1542 951 et
1582 903 1727 968 quod
1768 903 1869 952 hoc
1907 918 1976 950 ex
2014 918 2076 949 eo

137 981 337 1034 xime
372 981 574 1033 accidit
609 981 735 1047 quia
770 980 826 1031 in
859 981 947 1031 illa
985 982 1274 1047 provinciav
1298 985 1473 1034 nullus
1507 995 1589 1034 est
1623 985 1908 1050 inquisitor
1958 1002 2074 1049 pra·

121 1065 290 1118 ‘tntis
326 1065 585 1116 eiusdem.
609 1064 719 1114 Nos
756 1063 920 1129 igitur
958 1066 1201 1115 volentes
1239 1067 1293 1117 in
1333 1068 1431 1117 hac
1469 1078 1621 1133 parte
1660 1077 1820 1133 prout
1854 1066 2076 1132 expedit

95 1150 132 1218 ’
174 1147 398 1211 videre,
429 1147 733 1208 civitatem,
752 1147 1011 1198 diocesim
1029 1158 1085 1197 et
1103 1149 1307 1199 dictam
1330 1150 1663 1214 provinciam
1681 1149 2073 1207 Tarantasien.‚

113 1244 128 1273 ’ν
174 1231 353 1284 nullus
389 1230 461 1281 sit
494 1229 785 1296 inquisitor
819 1230 875 1281 in
909 1230 1002 1291 eis,
1041 1231 1250 1295 prefate
1292 1232 1635 1297 Inquisitioni
1680 1232 1941 1283 adicimus
1979 1250 2072 1296 per

93 1325 129 1384 .'
176 1351 180 1356 -
204 1355 207 1357 >
233 1323 390 1376 ntes,
417 1313 662 1364 volentes
686 1331 750 1364 ac
775 1323 1086 1365 statuentes
1114 1315 1258 1379 quod
1285 1315 1339 1365 in
1364 1315 1565 1366 eisdem
1591 1316 1832 1376 civitate,
1874 1314 2071 1364 diocesi

183 1395 462 1464 provincia
494 1405 654 1446 tuum
686 1395 941 1458 officium,
974 1396 1114 1446 sicut
1146 1397 1200 1447 in
1233 1397 1421 1447 ceteris
1456 1398 1699 1464 partibus
1747 1397 1847 1448 tibi
1892 1398 2070 1446 decre·

172 1479 420 1544 ,debeas
455 1495 720 1531 exercere.
762 1478 908 1530 Nulli
943 1496 1087 1575 ergo,
1124 1490 1227 1532 etc.
1266 1508 1335 1517 —-
1373 1481 1577 1533 Datum
1615 1480 1885 1542 Avinioni‚
1921 1499 1959 1530 11
1979 1498 2075 1531 no

159 1595 164 1605 ι
223 1561 367 1626 maii,
401 1579 545 1615 anno
581 1561 791 1631 quinto.

110 1757 197 1808 ξ’1.
226 1756 435 1810 Ριι8981·
464 1758 616 1800 Borrel
646 1771 693 1800 se
724 1758 927 1801 trouvait
956 1759 1059 1813 dei&
1090 1760 1116 1800 8
1148 1760 1190 1802 18
1223 1762 1315 1802 tete
1345 1762 1400 1802 de
1431 1760 1732 1814 l'Inquisition
1763 1761 1819 1802 de
1851 1760 2075 1800 Provence

127 1832 146 1878 ζ’
198 1850 202 1860 ·
231 1840 273 1870 8
298 1826 506 1881 ῦιόςοίῐο
533 1826 604 1869 XI
631 1827 705 1870 fut
730 1828 801 1869 elu
828 1842 959 1883 pape.
988 1828 1047 1871 Ce
1074 1828 1221 1871 moine
1248 1829 1361 1872 etait
1387 1830 1619 1884 originaire
1659 1832 1713 1872 de
1742 1830 1853 1883 Gap.
1883 1829 1940 1870 Sa
1970 1828 2070 1870 ville

136 1902 145 1906 “
174 1920 181 1925 «
220 1924 238 1930 =-
268 1895 332 1939 lui
355 1897 454 1940 doit
474 1897 519 1939 18
541 1897 844 1939 restauration
866 1898 923 1940 de
946 1911 1015 1941 ses
1038 1899 1295 1941 franchises.
1325 1900 1361 1940 11
1385 1899 1582 1954 professa
1606 1900 1647 1942 la
1673 1899 1891 1952 theologie
1906 1900 2074 1940 durant

111 1966 119 1974 ⁴
199 1965 211 1976 ‘
252 1986 256 2000 ·
331 1967 510 2020 888688,
531 1967 558 2008 a
577 1966 787 2021 Avignon
806 1968 851 2010 d·
855 1967 1012 2020 abord,
1033 1968 1133 2023 puis
1154 1970 1180 2010 8
1202 1969 1417 2011 Mai-seille
1438 1978 1484 2011 et
1503 1970 1691 2011 ailleurs.
1713 1969 1772 2010 Le
1793 1970 1818 2010 5
1838 1968 1928 2010 mai
1944 1967 2072 2019 1364,

253 2035 339 2078 V
381 2036 582 2079 ordonna
611 2037 639 2078 8
670 2036 878 2095 Francois
909 2038 964 2079 de
996 2037 1245 2091 Cardilhac,
1275 2040 1429 2092 regent
1458 2041 1512 2081 de
1544 2038 1762 2091 theologie
1791 2039 1818 2079 a
1846 2037 2072 2089 Avigmn,

124 2113 170 2150 1
197 2124 217 2139 ··
248 2105 446 2148 conteror
463 2106 503 2148 le
523 2105 630 2148 titre
649 2107 705 2149 de
724 2108 885 2148 maitre
904 2122 959 2149 en
980 2108 1215 2162 theologie,
1235 2123 1255 2149 s
1261 2108 1303 2149 ’il
1325 2108 1353 2148 l’
1357 2123 1410 2150 en
1430 2108 1599 2161 jugeait
1619 2108 1764 2161 digne,
1780 2106 1932 2149 avecl'
1937 2120 2070 2158 usage
2089 2101 2093 2104 ”

115 2185 133 2242 γὲ
190 2173 422 2231 privileges
446 2176 654 2218 accordes
679 2190 769 2218 aux
795 2177 1067 2231 professeurs
1093 2179 1148 2219 de
1174 2178 1201 2218 l'
1211 2177 1459 2219 Universite
1486 2179 1540 2219 de
1570 2178 1704 2218 Paris.
1732 2177 1835 2228 Reg.
1853 2175 2068 2229 Supplic„

122 2256 230 2301 [ιι.,
248 2243 325 2287 Iol.
346 2244 430 2287 150
453 2249 519 2286 νο.
542 2244 600 2287 58
622 2245 830 2287 88161)ιίιὸ
851 2254 968 2288 reste
989 2247 1197 2289 attachee
1219 2249 1245 2288 8
1267 2262 1348 2287 son
1370 2261 1521 2287 oeuvre
1544 2247 1588 2287 d'
1594 2245 1873 2299 inquisiteur,
1889 2244 1965 2299 qui
1983 2245 2071 2295 fut,
2091 2258 2093 2260 ·

150 2318 157 2321 “
174 2311 216 2356 Ι·
234 2312 339 2365 snit,
359 2314 668 2356 subordounee
691 2316 717 2356 8
741 2315 783 2357 18
806 2315 1024 2357 direction
1048 2316 1310 2358 souveraine
1333 2324 1379 2358 et
1405 2320 1491 2358 tres
1514 2317 1662 2357 active
1684 2317 1739 2357 de
1762 2314 1967 2368 Gregoire
1985 2314 2067 2354 XI.

163 2379 178 2412 ⁸·
225 2379 552 2435 Introduction,
587 2397 629 2437 p.
661 2397 890 2428 ικι-ικιν.
930 2386 1054 2428 Nous
1089 2385 1359 2440 publierons
1400 2400 1454 2428 eu
1492 2385 1754 2440 appendice,
1799 2385 1974 2439 d'apres
2008 2398 2066 2424 un

131 2504 162 2513 ..
286 2472 338 2488 ··
380 2454 458 2495 des
488 2452 690 2496 archives
721 2456 782 2497 du
815 2454 1021 2508 vatican,
1053 2456 1092 2497 le
1138 2463 1180 2498 te
1186 2463 1261 2497 xte
1306 2457 1351 2498 d'
1357 2470 1441 2497 une
1474 2462 1682 2497 sentence
1713 2467 1959 2509 prononcee
1985 2468 2064 2506 pai·

128 2513 132 2516 ’
187 2518 451 2576 inquisiteur
474 2531 627 2565 contre
668 2538 753 2566 une
794 2525 955 2566 lemme
993 2539 1175 2567 accusee
1213 2525 1427 2567 d’heresie
1466 2533 1512 2566 et
1551 2538 1785 2575 reconnue,
1823 2537 1879 2565 en
1913 2523 1973 2563 sm
2012 2524 2065 2563 de

175 2613 177 2620 v
205 2613 208 2622 ·
254 2620 280 2642 ,
317 2592 534 2646 coupable
557 2593 804 2635 seulement
826 2594 871 2635 d’
875 2594 1002 2636 avoir
1025 2594 1193 2648 neglige
1224 2595 1266 2635 la
1311 2593 1643 2647 frequentation
1673 2594 1748 2635 des
1780 2598 2063 2634 sacrements.

170 2684 179 2696 ν
261 2668 388 2712 secut
403 2675 452 2703 sa
483 2662 721 2716 purgatiori
750 2663 999 2718 canonique
1030 2672 1077 2706 et
1108 2663 1169 2706 lui
1200 2664 1371 2718 imposa
1401 2666 1455 2705 de
1486 2663 1759 2705 communior
1786 2675 1876 2703 aux
1906 2668 2063 2714 quatre

213 2727 269 2771 (le
284 2729 410 2783 Nosl,
437 2729 495 2771 de
516 2730 559 2771 la
585 2731 841 2784 Pentecote,
857 2733 914 2774 de
939 2732 967 2772 l'
971 2733 1260 2787 Assomption
1275 2740 1322 2774 et
1337 2732 1391 2772 de
1416 2732 1456 2772 la
1472 2732 1711 2774 Toussaint
1741 2731 1941 2786 pendant
1970 2730 2082 2783 plu-·

181 2816 184 2829 ·
246 2799 408 2841 888688
441 2801 497 2841 de
530 2801 660 2842 suite.
700 2801 792 2843 Elle
813 2803 968 2844 devait
987 2817 1033 2844 se
1055 2804 1280 2856 presentet¹
1300 2804 1325 2843 8
1347 2803 1387 2843 18
1409 2802 1553 2843 sainte
1589 2802 1708 2843 table
1729 2815 1809 2842 nu·
1810 2799 1949 2854 pieds,
1971 2798 2065 2847 sine

126 2920 128 2922 Ι
148 2916 166 2921 ..
268 2881 367 2919 ,un
389 2868 529 2923 cierge
552 2871 579 2911 8
603 2871 645 2912 18
669 2871 790 2913 main
813 2879 875 2923 et,
898 2876 1027 2926 apres
1051 2871 1178 2913 avoir
1215 2886 1316 2922 recu
1356 2872 1395 2913 la
1434 2870 1734 2922 communion,
1773 2868 2003 2923 expliquer
2038 2881 2064 2908 a

142 2934 347 2979 1›-voix
365 2937 391 2979 8
410 2937 452 2979 18
472 2939 589 2980 l'oule
609 2952 696 2992 que
713 2955 736 2981 c
741 2940 867 2982 'etait
886 2955 940 2982 en
959 2941 1188 2995 expiation
1207 2943 1262 2983 de
1298 2956 1364 2983 ses
1400 2941 1669 2994 nel-gligences
1702 2940 1876 2994 passees
1909 2952 1969 2992 qu
1973 2936 2068 2979 ’elle

135 3003 202 3045 t
215 3003 382 3060 obliges
404 3008 459 3049 de
478 3009 753 3051 communior
772 3011 827 3051 de
847 3018 964 3051 cette
985 3018 1117 3052 sorte.
1143 3010 1235 3051 Elle
1255 3012 1340 3052 dut
1360 3011 1608 3063 &galement
1627 3023 1765 3063 payer
1783 3010 1844 3051 les
1864 3007 1969 3049 frais
2002 3009 2081 3049 du‘

196 3141 312 3186 lin
327 3144 444 3188 aussi
465 3146 577 3188 dans
599 3147 891 3203 l’Appendice
917 3150 994 3191 dee
1027 3151 1186 3192 lettres
1209 3150 1264 3191 de
1291 3150 1319 3191 1·
1322 3152 1598 3205 archeveque
1626 3152 1670 3193 d’
1676 3150 1889 3202 Embrun,
1922 3148 2078 3190 Pierre'

171 3255 174 3261 ,
205 3231 210 3241 ¹
248 3214 340 3263 ,oin
363 3212 394 3255 il
417 3222 488 3257 est
515 3217 724 3270 question
748 3218 804 3260 de
828 3219 1045 3262 l’activite
1073 3219 1392 3273 inquisitoriale
1421 3221 1475 3262 de
1505 3229 1629 3263 notre
1653 3221 1876 3274 religieux.

139 3282 352 3335 lancois
374 3284 524 3328 Borrel
547 3287 620 3330 l'ut
642 3288 875 3332 maintenu
899 3305 953 3331 en
978 3291 1136 3345 charge
1162 3306 1241 3346 par
1264 3292 1463 3333 Clement
1487 3293 1590 3344 VII,
1614 3306 1668 3334 en
1693 3292 1817 3333 1380.
1846 3292 1880 3333 ΙΙ
1906 3305 2066 3346 provo-

45 3363 47 3367 ⁴
123 3387 126 3390 ⁴
151 3370 153 3375 ·
214 3350 270 3394 de
305 3353 590 3399 nombrousos
626 3358 909 3401 conversione
961 3368 1008 3401 et
1045 3362 1294 3402 condamna
1333 3362 1562 3415 beaucoup
1600 3361 1644 3403 d'
1648 3360 1911 3415 heretiques.
1939 3362 2064 3403 ·Cent

102 3465 136 3489 ,a
205 3438 213 3449 ι
262 3426 326 3463 te
345 3422 551 3467 aun-aient
570 3425 642 3468 όιό
663 3426 826 3481 brules,
848 3429 874 3469 8
897 3428 1131 3481 GrenobIe,
1154 3443 1207 3470 en
1230 3443 1288 3470 un
1312 3430 1438 3470 seul
1426 3444 1526 3482 ,our
1546 3431 1600 3472 de
1622 3429 1651 3471 1’
1654 3444 1712 3470 88
1734 3430 1860 3481 1393,
1882 3444 1962 3484 par
1983 3443 2063 3471 son

53 3499 59 3507 “
201 3518 203 3520 -
249 3488 355 3543 Lu,
377 3490 495 3535 Hice.
517 3493 569 3535 de
589 3493 738 3550 1'1nq„
761 3503 795 3539 t.
820 3511 871 3549 ιι,
896 3512 939 3552 p.
965 3498 1164 3539 183-184.
1193 3498 1259 3539 En
1283 3506 1402 3540 cette
1427 3501 1567 3540 meme
1590 3500 1745 3550 88868,
1769 3498 2064 3552 l’inquisiteur

165 3584 169 3593 .,
187 3565 198 3588 '·
253 3557 368 3602 dans
393 3560 455 3604 les
478 3562 759 3618 documenta,
784 3580 893 3608 avec
919 3567 958 3608 le
984 3566 1089 3608 titre
1114 3568 1170 3609 de
1195 3567 1437 3622 provincial
1464 3569 1540 3609 des
1567 3566 1850 3610 franciscains
1876 3569 1931 3610 de
1959 3568 2064 3609 Pro·

95 3690 98 3691 ⁷
143 3667 147 3695 V,
264 3626 456 3671 Antoine
471 3630 682 3686 Annum,
699 3634 808 3689 qu’il
825 3648 870 3676 se
886 3635 1047 3677 choisit
1064 3635 1289 3678 lui-meme
1309 3649 1421 3689 pour
1437 3650 1689 3678 successeur
1703 3637 1728 3677 ὲ
1744 3636 2060 3690 l’Inquisition,

55 3699 57 3702 '
163 3694 384 3748 ,confirmi
408 3713 489 3755 par
510 3700 551 3742 le
574 3715 692 3759 pepe
728 3704 840 3747 daus
864 3711 983 3748 cette
1006 3705 1165 3760 charge
1183 3705 1244 3762 -le
1267 3705 1334 3746 1or
1356 3705 1452 3759 juin
1475 3707 1530 3750 de
1551 3706 1834 3762 cette-annea
1855 3704 1926 3760 .(ιι.’
1943 3706 2063 3760 325).
