2540 4354
435 367 533 417 100
814 387 1099 419 BULLAIRE
1143 388 1216 418 DE
1275 367 1687 427 L'INQUISI‘HON
1733 386 2052 428 FRANQAISE

425 502 491 552 de
552 502 874 568 Perpiniano
921 504 1242 564 vocabatur,
1290 513 1344 551 et
1391 503 1595 552 Alanus
1641 501 1811 562 Brito,
1861 519 2078 550 morans
2131 499 2442 562 l'crtiniaci,

429 585 642 636 dudum
681 585 962 636 familiaris
1003 586 1137 635 dicti
1175 585 1388 648 nobilis,
1429 604 1525 651 pro
1565 584 1801 634 testibus
1855 585 2219 634 credebantur
2260 583 2443 633 multi·

429 669 643 736 pliciter
676 669 953 736 oportuni,
988 669 1370 719 celsitudinem
1401 667 1911 733 regiamattentius
1931 669 2287 734 deprecamur
2307 687 2441 733 qua·

429 752 578 803 tinus
607 753 1017 820 prenominatas
1047 771 1304 818 personas
1334 763 1388 801 et
1417 752 1567 814 alias,
1598 752 1642 801 si
1670 771 1805 818 quas
1834 752 2064 802 dilectus
2096 751 2237 802 filius
2265 751 2442 816 inqui-

430 837 566 889 sitor
592 837 826 888 heretice
853 837 1147 903 pravitatis
1175 837 1351 886 eidem
1379 836 1691 886 celsitudini
1716 836 1937 886 duxerit
1963 854 2125 902 super
2151 837 2254 885 hoc
2271 835 2442 885 nomi-

429 922 660 982 nandas,
694 921 762 970 ad
796 921 1027 970 eandem
1062 921 1256 970 Sedem
1291 919 1534 970 celeriter
1553 931 1608 969 et
1627 931 1830 970 secrete
1850 920 1992 970 sicut
2009 920 2178 986 ipsius
2200 919 2436 984 qualitas

428 1005 598 1070 exigit
635 1005 842 1070 negotii
879 1004 1099 1055 mittere
1136 1023 1247 1054 non
1285 1015 1606 1071 postponat.
1647 1035 1716 1041 -
1754 1007 1963 1055 Datum
2002 1003 2278 1066 Avinioni,
2323 1004 2443 1054 idus

427 1088 772 1156 septembris,
804 1107 947 1138 anno
976 1107 1138 1139 nono.

486 1229 526 1271 1.
556 1230 816 1271 «Adulator
835 1238 881 1271 et
899 1229 1441 1273 dictidominiJohannis
1477 1233 1532 1272 de
1571 1229 1859 1273 Partiniacho
1896 1230 2115 1285 proditor,
2149 1238 2201 1272 ut
2249 1237 2441 1284 apparet

425 1313 481 1342 ex
504 1299 664 1341 litteris
688 1314 800 1353 quas
824 1300 919 1354 ipse
940 1299 1065 1341 misit
1086 1300 1270 1342 domino
1293 1301 1322 1341 J
1327 1301 1494 1342 ohanni
1517 1303 1572 1342 de
1596 1301 1884 1342 Partiniacho
1909 1309 1954 1343 et
1976 1315 2063 1355 que
2086 1302 2306 1355 producte
2338 1307 2445 1342 sunt

423 1367 470 1408 in
490 1369 671 1411 iudicio.
695 1388 712 1410 »
741 1370 939 1411 Oldrado
959 1371 1016 1411 da
1039 1370 1198 1423 Ponte,
1219 1371 1331 1412 dans
1353 1371 1553 1424 Hansen,
1573 1385 1642 1425 op.
1664 1371 1751 1424 cit„
1772 1386 1816 1425 p.
1838 1372 1912 1422 583
1936 1371 1991 1412 cf.
2034 1369 2266 1422 ci-dessus‚
2286 1383 2330 1410 n.
2370 1370 2441 1422 46,

421 1445 527 1479 note
550 1441 592 1482 5.

486 1511 523 1551 2.
567 1525 584 1547 «
606 1511 732 1552 Unus
771 1513 1002 1565 quondam
1038 1512 1216 1566 judeus,
1255 1528 1374 1555 nunc
1412 1514 1683 1555 christianus
1721 1514 1886 1564 factus,
1924 1512 2051 1554 cuius
2107 1510 2365 1553 testimonio
2399 1509 2445 1552 in

424 1588 652 1634 quantum
672 1596 754 1635 pro
777 1596 827 1623 eo
851 1582 960 1624 dicit
983 1583 1130 1624 utitur
1149 1583 1357 1625 dominus
1377 1585 1406 1624 J
1410 1585 1608 1626 ohannes
1629 1586 1684 1625 de
1705 1583 2009 1636 Partiniacho,
2031 1583 2077 1624 in
2097 1589 2323 1636 quantum
2344 1595 2447 1623 vero

423 1659 583 1692 contra
609 1664 712 1691 eum
737 1651 848 1693 dicit
871 1652 918 1693 in
943 1653 1095 1707 aliquo
1120 1668 1226 1706 non,
1254 1655 1466 1696 obstante
1491 1655 1666 1696 ratione
1693 1654 1882 1695 vilitatis
1901 1668 1980 1695 sue
2006 1661 2052 1694 et
2071 1652 2322 1694 facinorum
2341 1665 2443 1693 suo-

422 1733 527 1762 rum
554 1728 651 1762 tam
677 1729 784 1763 ante
811 1723 1093 1777 baptismum
1121 1738 1259 1777 quam
1288 1732 1406 1778 post,
1436 1733 1481 1766 et
1509 1725 1615 1778 quia
1642 1724 1801 1766 unicus
1830 1731 1898 1765 est
1926 1723 2051 1764 cuius
2080 1722 2217 1762 etiam
2235 1723 2281 1763 in
2309 1735 2444 1763 causa

428 1789 550 1831 civili
567 1791 689 1832 dicto
722 1806 812 1833 non
845 1801 1096 1835 staretur...
1132 1802 1177 1835 et
1209 1794 1316 1848 quia
1347 1795 1608 1836 inimicus...
1639 1810 1657 1832 »
1690 1795 1807 1835 Ibid.

501 2295 581 2347 La
617 2297 860 2362 province
898 2297 1255 2347 dominicaine
1293 2299 1352 2348 de
1394 2300 1653 2349 Toulouse
1691 2309 1853 2364 ayant
1890 2296 1961 2348 έῑέ
1998 2302 2301 2347 νέοειηνηεηι
2337 2295 2437 2346 dis·

428 2381 582 2432 traice
613 2381 672 2430 de
704 2380 999 2431 l’ancienne
1030 2382 1274 2447 province
1305 2383 1364 2432 de
1396 2385 1670 2444 Provence,
1705 2384 1749 2432 le
1778 2401 1917 2448 pape
1947 2381 2120 2432 de'cide
2150 2400 2245 2447 quc
2275 2381 2440 2430 delsor-

429 2465 564 2515 mais
606 2466 658 2514 la
696 2465 1053 2530 presentation
1091 2467 1177 2515 des
1217 2467 1492 2517 candidats
1532 2487 1639 2517 aux
1676 2467 1936 2533 fonctions
1976 2465 2349 2532 d'inquisiteur
2385 2463 2444 2514 de

430 2550 694 2599 Toulouse
738 2549 1122 2614 appartiendra
1164 2570 1235 2600 aa
1275 2552 1572 2617 provincial
1614 2552 1673 2601 de
1720 2553 1994 2602 Toulouse.
2040 2551 2111 2600 Le
2151 2547 2444 2616 provincial

425 2634 485 2683 de
519 2635 740 2696 France‚
776 2637 808 2683 ὰ
841 2634 931 2700 qui
983 2635 1200 2685 Nicolas
1254 2636 1338 2686 IV
1386 2655 1418 2685 a
1466 2637 1678 2687 conce'de'
1727 2637 1770 2686 le
1817 2636 1951 2686 droit
1999 2636 2058 2685 de
2093 2653 2323 2684 nommer
2373 2633 2441 2682 les

426 2717 771 2784 inquisiteurs
824 2737 887 2768 en
940 2720 1160 2782 ance,
1215 2720 1370 2770 dewra
1421 2721 1614 2771 ckoisir
1664 2721 1840 2787 parmi
1894 2722 1964 2770 les
2029 2737 2312 2785 personnes
2349 2716 2439 2782 qui

424 2802 503 2853 lui
526 2813 715 2852 αιινοηι
737 2806 808 2852 ἑιέ
832 2803 1099 2869 de'signe'es
1123 2805 1182 2854 de
1205 2806 1257 2854 la
1280 2816 1426 2856 sorte.
1453 2835 1522 2841 —-
1545 2805 1815 2871 Avignon,
1844 2805 1924 2855 1ΘΥ
1947 2805 2243 2854 novembre
2287 2801 2435 2852 1324.

778 2924 885 2977 Reg.
913 2925 1074 2987 Aven.3
1098 2933 1131 2967 t.
1161 2940 1282 2979 xxm,
1310 2927 1386 2968 fol.
1415 2929 1499 2969 359
1546 2932 1612 2980 νῦ,
1639 2942 1683 2970 n.
1729 2928 1834 2976 5423
1864 2927 1968 2979 Reg.
2001 2925 2116 2977 Vae„
2154 2931 2187 2966 t.
2232 2935 2432 2972 Lxxvrn,

716 3009 759 3034 n.
788 2996 892 3044 542;
920 2995 1093 3047 Mollat‚
1119 2996 1237 3038 Jean
1253 2997 1420 3050 XXII,
1447 3012 1489 3039 n.
1518 2999 1658 3039 20943
1689 2997 1857 3052 (anal.).

500 3112 712 3162 Dilecto
754 3112 863 3161 filio
901 3111 958 3164 ¹..
997 3112 1162 3178 priori
1198 3114 1519 3179 provinciali
1555 3115 1791 3165 fratrum
1810 3114 2011 3164 ordinis
2032 3114 2434 3180 predicatorum

427 3194 482 3244 in
532 3195 778 3257 Francia,
829 3196 1080 3246 salutem.
1131 3227 1199 3232 -—
1248 3199 1471 3249 Dudum
1519 3199 1687 3249 felicis
1733 3197 2125 3250 recordationis
2184 3195 2435 3246 Nicolaus

429 3297 573 3345 papa
610 3280 726 3328 IIII
756 3280 1103 3345 predecessor
1132 3293 1317 3332 noster
1347 3283 1658 3334 desiderans
1689 3302 1783 3349 per
1813 3282 2109 3349 apostolice
2142 3280 2291 3331 Sedis
2321 3276 2433 3328 dili-

428 3363 673 3427 gentiam
707 3374 897 3414 contra
930 3363 1296 3416 hereticorum
1329 3368 1575 3418 dolosam
1608 3357 1897 3430 astuciam,
1930 3386 1995 3416 ne
2018 3367 2238 3417 morbus
2258 3362 2436 3413 huius-

429 3447 576 3496 modi
608 3447 857 3497 disfusius
891 3460 1130 3513 serperet
1160 3450 1405 3500 locorum
1467 3451 1698 3502 ubilibet
1730 3463 1785 3500 et
1819 3450 2055 3501 maxime
2088 3450 2142 3499 in
2193 3445 2434 3499 christia·

427 3529 648 3579 nissimo
683 3549 847 3594 regno
887 3532 1221 3582 Francorum
1256 3533 1311 3583 in
1347 3554 1454 3600 quo
1490 3535 1745 3602 precipue
1783 3535 1916 3584 fides
1953 3533 2221 3583 catholica
2259 3530 2432 3593 vigere

428 3613 746 3677 dinoscitur,
801 3625 1137 3679 oportunum
1187 3618 1490 3682 remedium
1542 3619 1788 3669 adhiberi
1846 3628 1908 3666 ut
1972 3617 2257 3682 negocium
2311 3609 2433 3663 fidei

428 3696 538 3761 iugi
566 3699 834 3762 profectu,
889 3698 1030 3748 elisis
1061 3699 1398 3764 quibuslibet
1427 3721 1645 3768 prorsus
1674 3701 1964 3762 erroribuS,
1995 3711 2178 3766 posset
2221 3696 2434 3748 fortiter

428 3782 749 3846 prosperari,
786 3781 949 3846 priori
983 3783 1303 3847 provinciali
1364 3787 1598 3836 fratrum
1647 3785 1847 3835 ordinis
1911 3785 2316 3850 predicatorum
2378 3778 2431 3827 in
