2540 4354
445 355 549 408 440
838 375 1125 407 BULLAIRE
1179 376 1251 407 DE
1300 356 1712 417 L’iNQmslTioN
1751 372 2066 416 FRANQArsE

451 499 568 539 tate
621 490 922 555 apostolica
988 490 1353 555 dignaremur.
1424 490 1533 540 Nos
1599 488 1830 554 igitur...
1888 488 2225 540 fraternitati
2290 501 2447 544 tue...

450 573 775 624 mandamus
817 574 1078 639 quatinus
1119 575 1332 625 vocatis
1371 573 1694 640 inquisitore
1733 583 1789 622 et
1822 574 2154 639 Raymundo
2196 576 2448 640 predictis

447 668 501 707 et
542 657 659 707 aliis
702 658 795 722 qui
836 658 1040 708 fuerint
1078 659 1347 709 evocandi
1388 661 1467 722 [et
1507 657 1714 708 auditis
1756 657 1881 706 hinc
1934 657 2060 707 inde
2102 659 2392 724 propositis
2409 664 2452 729 4]

445 741 804 805 [auctoritate
850 752 1037 793 nostra
1075 744 1140 793 de
1188 743 1462 808 premissis
1515 741 1767 792 omnibus
1815 751 1871 790 et
1919 741 2142 806 singulis
2160 746 2449 796 summarie

451 837 503 876 te
550 826 806 876 informes
854 845 916 876 ac
963 828 1212 878 cedulam
1259 838 1314 877 et
1361 827 1493 878 alias
1542 825 1838 892 scripturas
1887 825 2159 891 predictas
2209 846 2342 892 quas
2390 841 2449 880 ut

450 909 708 960 asseritur
739 911 985 977 prefatus
1003 911 1295 977 inquisitor
1313 930 1476 978 penes
1496 929 1549 961 se
1580 910 1782 959 retinet
1814 909 1915 959 tibi
1947 910 2092 960 tradi
2123 922 2177 960 et
2208 913 2451 965 exhiberi

451 995 643 1056 facias3
684 1005 740 1045 et
779 1013 869 1045 eas
911 1012 1019 1046 una
1061 1014 1184 1047 cum
1226 996 1500 1062 aliquibus
1543 993 1815 1059 magistris
1870 994 1924 1044 in
1965 1013 2117 1045 sacra
2160 995 2356 1061 pagina
2395 1009 2450 1048 et

448 1080 565 1131 aliis
598 1079 727 1130 viris
745 1079 1004 1131 litteratis
1039 1081 1105 1131 de
1140 1081 1337 1146 quibus
1372 1081 1474 1130 tibi
1492 1078 1770 1130 videbitur
1803 1079 1872 1129 ad
1907 1079 2008 1129 hoc
2042 1098 2135 1145 per
2168 1091 2222 1130 te
2255 1099 2449 1132 vocan-

449 1164 530 1215 dis
591 1164 869 1216 examines
932 1175 988 1215 et
1044 1165 1348 1216 examinari
1417 1165 1584 1215 facias
1656 1163 1961 1229 diligenter,
2035 1182 2097 1215 ac
2145 1164 2451 1230 predictum

450 1249 761 1300 Johannem
833 1249 1131 1314 interroges
1191 1260 1247 1299 et
1305 1249 1584 1300 examines
1634 1248 1908 1314 quomodo
1961 1259 2017 1299 et
2061 1249 2296 1313 qualiter
2338 1269 2450 1315 pre·

449 1333 623 1384 dietas
680 1333 978 1400 scripturas
1035 1334 1308 1399 intelligat
1351 1345 1406 1384 et
1463 1335 1577 1385 eius
1620 1334 1963 1384 intellectum
2006 1352 2115 1383 non
2162 1335 2449 1387 verborum

449 1436 683 1469 errorem
716 1417 760 1468 si
807 1418 926 1484 quis
972 1418 1155 1470 forsan
1202 1419 1559 1469 intervenerit
1604 1417 1886 1484 recipiens,
1934 1417 1978 1468 si
2022 1418 2202 1484 ipsum
2250 1418 2452 1469 Johan-

450 1523 575 1555 nem
632 1503 961 1569 culpabilem
1002 1503 1056 1553 in
1097 1504 1371 1570 premissis
1440 1504 1526 1554 vel
1568 1503 1752 1569 aliquo
1794 1521 1970 1553 errore
2015 1502 2141 1553 fidei
2180 1503 2447 1555 irretitum

450 1588 686 1655 reperias
746 1588 1062 1639 huiusmodi
1118 1589 1484 1655 penitentiam
1541 1588 1644 1640 sibi
1701 1588 2007 1640 iniunctam
2067 1599 2128 1638 ut
2186 1588 2451 1654 prefertur

452 1676 644 1726 eadem
693 1674 1025 1725 auctoritate
1075 1675 1381 1737 confirmes,
1431 1693 1493 1725 ac
1524 1674 1567 1724 si
1613 1674 1872 1739 expediat
1920 1673 2082 1725 aliam
2133 1673 2452 1738 condignam

454 1760 611 1810 iuxta
648 1759 939 1810 canonicas
974 1759 1283 1810 sanctiones
1301 1759 1550 1826 imponas
1570 1760 1763 1809 eidem.
1788 1758 1841 1809 Si
1860 1776 1984 1808 vero
2002 1758 2452 1824 ipsuminnocen-

455 1857 568 1898 tem
600 1856 655 1896 et
685 1844 1075 1911 inculpabilem
1106 1844 1161 1895 in
1193 1845 1467 1911 premissis
1498 1844 1770 1895 inveneris
1801 1843 2165 1910 penitentiam
2196 1861 2258 1893 ae
2289 1861 2451 1908 penas

460 1930 802 1998 pecuniarias
845 1947 940 1996 per
982 1930 1193 1981 dictum
1234 1930 1616 1996 inquisitorem
1660 1929 1779 1991 sibi,
1811 1940 1873 1978 ut
1895 1928 2183 1995 prefertur,
2214 1927 2450 1979 inflictas

455 2015 789 2067 auctoritate
837 2015 1082 2082 predicta
1127 2034 1365 2077 revoces,
1411 2016 1755 2080 eundemque
1787 2015 2098 2064 Johannem
2141 2013 2210 2063 ad
2258 2014 2451 2064 bonam

453 2102 660 2152 famam
678 2119 834 2151 suam
851 2100 1110 2151 restituas
1129 2119 1191 2151 ac
1210 2101 1447 2151 declares
1467 2100 1645 2166 ipsum
1664 2100 1718 2150 in
1736 2099 2008 2165 premissis
2027 2116 2136 2148 non
2153 2114 2354 2148 errasse
2371 2095 2453 2146 vel

459 2186 593 2236 alias
638 2205 668 2237 a
704 2187 810 2236 fide
842 2186 1110 2237 catholica
1143 2186 1408 2247 deviasse,
1442 2203 1504 2236 ac
1535 2185 1777 2250 prefatos
1810 2183 2191 2249 inquisitorem
2223 2194 2277 2232 et
2313 2183 2454 2246 Ray·

457 2272 725 2321 mundum
744 2271 787 2322 si
806 2281 994 2321 contra
1014 2271 1248 2321 eundem
1269 2271 1582 2320 Johannem
1600 2269 1802 2319 iniuste
1821 2279 1919 2319 aut
1936 2267 2122 2334 inique
2140 2266 2346 2332 egerint
2362 2283 2452 2315 seu

455 2356 833 2421 processerint,
882 2366 1046 2421 prout
1091 2356 1297 2405 iustum
1344 2355 1508 2405 fuerit
1540 2354 1735 2420 punias
1766 2364 1821 2403 et
1858 2353 1991 2404 alias
2028 2353 2084 2403 in
2121 2350 2415 2418 premissis]
2437 2351 2457 2382 ⁵

456 2442 601 2505 quod
621 2441 826 2491 iustum
845 2440 1009 2490 fuerit
1045 2439 1338 2490 summarie
1375 2449 1430 2488 et
1467 2440 1532 2488 de
1569 2439 1730 2503 plano
1787 2438 1923 2504 [eta]
1951 2438 2225 2498 decernas,
2258 2433 2452 2485 faciens

455 2526 600 2591 quod
619 2525 919 2575 decreveris
951 2543 1044 2590 per
1074 2542 1358 2574 censuram
1398 2522 1821 2595 ecclesiasticam
1860 2521 2087 2572 firmiter
2122 2517 2394 2570 observari
2415 2516 2451 2568 ⁰.

457 2610 578 2660 Non
614 2609 964 2660 obstantibus
995 2612 1158 2674 [eto.];
1207 2627 1301 2684 seu
1335 2608 1378 2658 si
1413 2607 1638 2674 prefatis
1673 2606 1984 2672 inquisitori
2025 2616 2081 2655 et
2129 2603 2452 2670 Raymundo

456 2695 541 2744 vel
560 2693 843 2760 quibusvis
861 2694 977 2744 aliis
996 2693 1360 2744 communiter
1377 2693 1462 2741 vel
1481 2691 1699 2742 divisim
1717 2710 1747 2742 a
1767 2691 1913 2741 dicta
1932 2690 2002 2740 sit
2021 2690 2156 2741 Sede
2184 2687 2457 2738 indultum

453 2781 607 2844 [etc.].
627 2779 921 2829 —Datum
940 2778 1203 2843 Anagnie,
1236 2777 1480 2828 kalendis
1511 2776 1748 2842 augusti,
1779 2793 1921 2826 anno
1953 2773 2204 2840 septimo.

511 2907 552 2946 1.
585 2905 731 2946 Amiel
760 2907 815 2947 de
845 2905 1054 2958 Lautrec,
1084 2906 1271 2946 docteur
1301 2918 1355 2945 en
1385 2903 1573 2956 decrets,
1604 2902 1822 2944 chanoine
1852 2909 1898 2942 et
1927 2901 2175 2943 chancelier
2203 2901 2258 2941 de
2299 2897 2458 2951 l'eglise

457 2977 510 3016 de
536 2977 774 3028 Toulouse,
799 2976 1052 3030 professeur
1077 2977 1132 3017 de
1157 2974 1278 3016 droit
1313 2974 1564 3027 canonique
1602 2974 1628 3013 a
1664 2972 1954 3015 l‘Universite
1991 2974 2046 3013 de
2083 2979 2201 3013 cette
2239 2970 2354 3021 ville,
2388 2969 2457 3009 fut

457 3061 617 3099 promu
646 3048 671 3087 a
699 3047 962 3098 Couserans,
990 3046 1030 3086 le
1058 3046 1112 3087 19
1140 3047 1251 3087 aofit
1277 3045 1410 3094 137Ο;
1439 3044 1658 3086 transfere
1686 3045 1711 3084 a
1741 3042 2038 3096 Comminges‚
2066 3043 2104 3082 le
2132 3042 2185 3082 18
2213 3039 2302 3082 mai
2328 3039 2455 3087 1384;

457 3118 579 3158 eleve
601 3133 658 3158 au
679 3117 946 3170 cardinalat,
967 3118 1007 3158 le
1027 3117 1081 3157 12
1101 3116 1249 3170 juillet
1268 3117 1398 3167 1385,
1419 3131 1501 3171 par
1516 3115 1836 3157 ClementVII.
1857 3115 1892 3154 Il
1913 3120 2096 3154 mourut
2116 3114 2155 3153 le
2172 3113 2195 3153 7
2211 3111 2306 3164 juin
2335 3109 2455 3150 1390.

457 3188 637 3240 Baluze,
667 3187 793 3239 Vitae,
818 3195 851 3228 t.
879 3201 911 3239 1,
937 3187 1018 3228 col.
1045 3187 1178 3235 13423
1212 3187 1323 3228 Gall.
1350 3187 1513 3239 christ„
1538 3193 1572 3226 t.
1599 3200 1632 3238 1,
1657 3186 1740 3227 col.
1767 3185 1895 3230 1103,
1921 3185 2054 3229 11362
2081 3182 2197 3223 Hist.
2224 3182 2273 3222 de
2302 3181 2460 3232 Lang„

457 3266 490 3299 t.
529 3272 596 3310 1x,
632 3273 676 3312 p.
714 3258 818 3306 7943
859 3258 1017 3310 Eubel,
1052 3257 1195 3310 Hier„
1232 3265 1264 3298 t.
1304 3271 1335 3310 1,
1373 3272 1415 3311 p.
1455 3257 1524 3310 27,
1562 3256 1661 3308 211,
1698 3255 1795 3296 215.

514 3328 554 3368 2.
588 3327 646 3369 Ce
673 3328 872 3368 membre
901 3329 955 3368 de
983 3328 1160 3381 phrase,
1188 3327 1437 3368 seulement
1463 3341 1523 3368 au
1549 3325 1625 3367 fol.
1655 3325 1753 3366 334.

513 3399 554 3438 3.
589 3397 774 3451 Hugues
800 3399 856 3439 de
881 3398 1084 3447 Verdun3
1113 3412 1155 3438 n.
1184 3398 1283 3450 273,
1310 3405 1416 3438 note
1442 3398 1482 3437 2.

515 3469 555 3508 4.
589 3468 647 3509 Ce
677 3468 877 3509 membre
907 3469 963 3509 de
993 3468 1169 3522 phrase,
1201 3468 1450 3509 seulement
1480 3481 1539 3508 au
1569 3466 1645 3508 fol.
1677 3467 1775 3507 334.

517 3540 557 3580 5.
590 3539 652 3580 Le
680 3553 868 3594 passage
895 3539 1114 3580 renferme
1143 3541 1256 3580 dans
1285 3540 1346 3580 les
1376 3539 1593 3590 crochets,
1624 3539 1686 3580 du
1714 3545 1812 3579 mot
1839 3538 2088 3579 auctoritate
2115 3537 2324 3591 jusqu’au
2362 3540 2455 3576 mot

457 3609 698 3664 premissis,
722 3623 767 3651 se
791 3617 951 3651 trouve
974 3624 1032 3650 au
1055 3609 1131 3650 fol.
1156 3610 1238 3650 112
1263 3609 1525 3650 seulement.

516 3680 555 3720 6.
588 3680 627 3720 A
651 3687 721 3721 cet
745 3679 936 3732 endroit,
961 3695 1019 3721 au
1042 3680 1118 3721 fol.
1143 3680 1242 3731 334,
1269 3694 1326 3720 on
1348 3679 1402 3720 lit
1423 3680 1466 3720 la
1490 3680 1638 3720 clause
1663 3694 1672 3719 ε
1707 3693 1723 3716 α
1744 3679 1896 3721 Testes
1921 3686 2076 3721 autem
2099 3678 2175 3733 qui
2198 3676 2361 3720 fuerint
2382 3688 2457 3717 no-

453 3749 630 3803 minati,
658 3764 676 3787 ι)
703 3759 787 3794 etc.
