2540 4354
482 365 583 419 372
882 383 1169 418 noemma
1211 384 1285 417 DE
1327 363 1745 426 L’momsrrmn
1810 386 2124 433 rutinense

558 501 618 551 In
653 518 699 551 e.
738 519 810 552 m.
848 500 975 550 nob.
1014 500 1183 550 viro..
1222 500 1445 550 domino
1484 502 1648 551 castri
1685 502 1751 552 de
1791 503 1949 565 Rupe
1975 503 2012 567 3,
2032 504 2193 555 militi
2214 505 2489 557 Vivarien.

474 587 721 638 diocesis.

533 784 572 825 1.
606 783 778 836 Aymar
800 783 855 831 de
878 782 921 825 la
945 782 1129 835 Voulte;
1156 783 1254 826 voir
1276 799 1319 826 n.
1345 784 1444 836 148,
1469 791 1574 824 note
1598 784 1638 825 1.

532 855 571 895 2.
607 854 666 895 Le
690 855 740 894 31
769 854 953 896 octobre
975 855 1104 909 1366,
1128 869 1177 896 ce
1200 855 1424 896 chevalier
1447 863 1515 896 est
1537 855 1852 896 recommande
1875 869 1958 910 par
1979 855 2019 897 le
2042 870 2159 910 pape
2181 871 2242 897 au
2262 856 2327 898 roi
2351 857 2487 899 Char-

474 931 536 972 les
569 932 620 973 V.
654 933 759 985 Reg.
798 931 912 984 Vae„
945 940 979 973 t.
1015 946 1238 985 ccxtvm,
1270 931 1347 973 fol.
1381 933 1464 973 168
1498 936 1570 981 v⁰;
1606 932 1739 984 Prou,
1769 931 1995 974 Relations
2024 933 2255 988 poliliquee
2285 933 2344 974 du
2375 947 2491 988 pape

477 1002 649 1043 Urbain
690 1003 743 1055 V,
767 1017 811 1057 p.
836 1004 936 1056 152,
960 1018 1003 1044 n.
1032 1003 1101 1056 73,
1125 1004 1237 1044 dans
1261 1002 1378 1044 Bibl.
1405 1003 1454 1043 de
1477 993 1643 1043 l’Ecole
1664 1001 1737 1043 des
1759 1002 1908 1043 hautes
1931 1003 2088 1055 eludes,
2112 1003 2220 1045 fasc.
2245 1004 2315 1046 76.

530 1074 570 1114 3.
607 1073 957 1114 Probablement
982 1073 1159 1115 Rocher
1186 1072 1440 1127 (Ardeche),
1466 1081 1586 1114 cant.
1614 1080 1660 1114 et
1683 1072 1861 1114 arrond.
1889 1074 1944 1114 de
1970 1072 2268 1126 Largentiere.

1302 1490 1640 1552 ...254-

539 1646 748 1701 Urbain
788 1648 832 1699 V
866 1647 1095 1697 ordonne
1127 1649 1160 1697 ὰ
1194 1646 1415 1713 Ρὲνέᾳαε
1448 1657 1493 1697 et
1525 1650 1558 1697 ἀ
1605 1645 1965 1714 l'inquisiteur
2010 1649 2071 1700 de
2119 1650 2478 1705 Carcassonne

457 1733 517 1784 de
552 1733 795 1799 procedet·
830 1735 863 1783 ἀ
901 1751 974 1782 un
1009 1732 1343 1797 supplement
1378 1731 1644 1798 d’enquete
1679 1732 1813 1783 dans
1850 1733 2076 1803 l'affaire
2111 1735 2198 1785 des
2234 1746 2346 1802 sept
2395 1755 2475 1788 ca-

459 1818 692 1885 pitaines
725 1817 786 1868 de
819 1815 1056 1879 routiers,
1094 1826 1251 1866 avant
1285 1815 1345 1866 de
1379 1835 1667 1882 prononcer
1701 1817 1754 1867 la
1785 1828 2018 1868 sentence
2041 1818 2076 1870 ¹.
2115 1820 2472 1886 ——Avignon‚

456 1902 520 1953 18
552 1921 694 1954 mars
730 1901 882 1955 1365.

802 2038 907 2091 Reg.
935 2037 1050 2091 Vat„
1072 2046 1105 2078 t.
1130 2051 1334 2090 ccxtvn,
1356 2036 1431 2078 fol.
1455 2038 1558 2086 233;
1582 2037 1862 2090 Lecacheux,
1882 2052 1952 2092 op.
1975 2038 2062 2090 cit„
2085 2053 2126 2079 n.
2150 2039 2276 2081 1644.

527 2159 659 2211 Ven.
711 2158 869 2210 fratri
919 2158 1179 2218 Johanni,
1229 2157 1485 2223 episcopo
1524 2158 1929 2220 Carcassonen.,
1983 2168 2035 2207 et
2085 2159 2294 2210 dilectis
2348 2160 2468 2213 filiis

451 2243 764 2309 inquisitori
801 2243 1037 2294 heretice
1074 2241 1369 2309 pravitatis
1407 2241 1463 2292 in
1500 2242 1750 2308 partibus
1805 2242 2188 2294 Carcassonen.
2243 2263 2305 2295 ac
2354 2244 2465 2295 eius

451 2329 867 2392 locumtenenti,
910 2329 1164 2391 salutem,
1207 2327 1646 2378 etc.-—Dudum
1688 2345 1813 2377 cum
1853 2338 1934 2390 tu,
1978 2327 2148 2378 frater
2187 2329 2456 2396 episcope,

449 2415 656 2465 nobiles
701 2414 846 2464 viros
893 2413 1248 2463 Ademarium
1294 2412 1358 2462 de
1408 2413 1735 2474 Portabove,
1797 2412 2027 2462 militem
2072 2413 2138 2463 de
2197 2414 2462 2466 comitatu

449 2499 740 2561 Sabaudie,
787 2509 843 2548 et
879 2497 1181 2549 Gerardum
1218 2497 1397 2559 Fabri,
1434 2497 1499 2547 de
1552 2496 1805 2558 Duracio,
1839 2497 2180 2548 Bernardum
2231 2498 2462 2563 Rigaldi,

449 2584 805 2634 Guillermum
826 2582 1054 2634 Arnaldi
1072 2583 1138 2632 de
1158 2581 1477 2644 Maloleone,
1502 2582 1898 2647 Raymundum
1918 2582 1983 2632 de
2005 2581 2254 2648 Poquier,
2303 2582 2460 2634 Bido-

443 2686 568 2718 nem
612 2669 678 2718 de
725 2666 1177 2732 Podioguillelmi,
1237 2685 1300 2716 ac
1355 2666 1697 2716 Bernardum
1756 2666 1822 2716 de
1865 2666 1915 2716 la
1959 2666 2159 2729 Borda,
2205 2667 2456 2718 domicel-

440 2752 518 2802 los
570 2754 869 2818 Agennen.,
922 2752 1183 2813 Aduren.‚
1236 2751 1503 2802 Sarlaten.
1524 2761 1580 2799 et
1600 2750 1985 2803 Convenarum
2018 2751 2295 2801 diocesum
2321 2750 2357 2812 2,
2393 2750 2456 2801 de

441 2838 678 2887 heretica
735 2837 1011 2903 pravitate
1066 2846 1370 2902 suspectos⁷
1403 2836 1468 2884 de
1514 2845 1704 2884 nostro
1760 2835 2032 2884 mandato
2087 2835 2195 2885 tuis
2248 2847 2455 2885 teneres

440 2922 746 2973 carceribus
787 2921 1150 2987 mancipatos,
1192 2937 1290 2970 nos
1331 2920 1579 2970 volentes
1622 2919 1769 2984 quod
1809 2936 1904 2985 per
1936 2936 2035 2968 vos
2069 2930 2258 2970 contra
2291 2920 2451 2986 ipsos,

438 3015 627 3057 contra
661 3024 796 3072 quos
830 3006 895 3055 de
925 3015 1115 3054 nostro
1148 3004 1414 3055 mandato
1446 3004 1512 3053 de
1543 3002 1771 3054 infamia
1818 3002 2246 3069 inquisiveratis,
2294 3020 2452 3069 super
2534 3027 2537 3047 ι

436 3090 672 3140 veritate
712 3090 857 3140 dicte
897 3088 1190 3155 pravitatis
1231 3088 1546 3153 diligentius
1586 3087 1973 3153 inquireretur,
2015 3087 2171 3137 vobis
2209 3098 2265 3137 et
2305 3086 2448 3138 cuili—
2531 3077 2535 3119 ἶ

436 3175 529 3224 bet
574 3183 821 3225 vestrum
867 3192 962 3240 per
1007 3173 1140 3224 alias
1186 3183 1402 3223 nostras
1447 3172 1662 3223 litteras
1708 3171 2081 3223 commisimus
2125 3182 2181 3221 et
2226 3170 2446 3223 manda·
2527 3202 2530 3210 ι

434 3258 613 3309 vimus
652 3270 715 3309 ut
752 3277 916 3325 super
951 3259 1131 3308 verbis
1170 3268 1226 3307 et
1263 3257 1424 3308 factis
1461 3275 1651 3307 eorum
1689 3256 1922 3308 heresim
1959 3257 2299 3322 sapientibus
2332 3256 2444 3306 dili·
2523 3259 2527 3329 ε’

433 3353 624 3407 genter
665 3343 936 3409 inquirere
982 3342 1297 3405 studeretis,
1343 3361 1406 3392 ac
1451 3341 1821 3407 depositiones
1866 3341 2094 3391 testium
2140 3359 2274 3406 quos
2318 3339 2442 3390 reci·
2519 3387 2522 3394 ,

433 3428 632 3492 peretis
669 3428 725 3477 in
761 3427 1021 3493 predictis
1057 3438 1113 3476 et
1148 3437 1332 3477 totum
1370 3444 1684 3492 processum
1721 3424 2096 3491 Inquisitionis
2133 3422 2443 3476 huiusmodi
2515 3448 2520 3490 j*

432 3512 666 3563 fideliter
702 3512 757 3561 in
795 3512 1011 3577 scriptis
1050 3512 1302 3562 redactos
1322 3512 1423 3561 sub
1442 3509 1639 3560 vestris
1677 3508 1862 3574 sigillis
1901 3509 2095 3560 clausis
2134 3510 2219 3559 vel
2255 3509 2309 3559 in
2353 3518 2443 3559 au'·
2515 3522 2517 3525 ·

428 3596 633 3646 tentica
668 3596 862 3657 forma,
899 3614 1022 3646 cum
1041 3613 1108 3645 ex
1126 3596 1256 3661 ipsis
1290 3613 1454 3661 super
1485 3593 1705 3644 ferenda
1727 3594 1998 3645 sententia
2035 3594 2244 3659 plenius
2277 3592 2438 3644 infor-
2512 3609 2513 3615 ¹

430 3680 566 3730 mari
613 3680 894 3741 vellemus,
946 3681 1101 3730 nobis
1156 3680 1392 3729 fideliter
1438 3678 1815 3728 transmittere
1836 3678 2117 3740 curaretis,
2169 3687 2331 3743 prout
2377 3675 2431 3724 in

425 3764 622 3812 nostris
653 3763 778 3812 inde
810 3764 1070 3813 confectis
1108 3763 1304 3814 litteris
1337 3763 1547 3828 plenius
1580 3762 1894 3812 continetur
1919 3762 1963 3824 ³3
1995 3780 2091 3811 vos
2126 3756 2435 3811 huiusmodi
2501 3811 2505 3839 ξ
