2540 4354
418 356 518 407 254
805 376 1095 409 aurnuns:
1139 377 1212 407 DE
1255 358 1672 418 L’iNQmsrrmN
1718 377 2039 420 FRANcAisE

418 490 784 556 mancipatus,
824 493 924 541 sub
967 492 1074 542 fida
1118 492 1366 542 custodia
1407 493 1475 542 ad
1514 510 1801 542 romanam
1841 492 2059 542 Curiam
2099 493 2429 544 mitteretur.

418 573 625 636 Quibus
664 575 916 624 omnibus
954 585 1010 624 et
1046 575 1321 625 nonnullis
1359 575 1475 626 aliis
1515 576 1775 641 premissa
1815 576 2261 641 contingentibus
2298 577 2430 627 rela-

415 658 484 706 tis
517 669 571 707 et
602 659 894 724 propositis
925 659 981 708 in
1013 648 1346 709 Consistorio
1380 677 1563 710 coram
1594 660 1768 721 nobis,
1801 678 1962 726 super
1992 660 2238 725 predicto
2270 678 2433 724 nego-

415 741 495 790 cio
527 741 582 790 in
614 742 889 792 dictarum
922 743 1166 808 partium
1199 744 1474 809 presentia
1508 744 1694 794 taliter
1726 745 1984 794 duximus
2018 745 2384 794 ordinandum
2420 765 2429 793 :

415 824 668 875 videlicet
720 827 866 891 quod
919 827 1164 892 prefatus
1218 827 1537 878 Guillelmus
1588 829 1857 899 sacerdos,
1911 828 2107 894 quide
2159 829 2432 878 dictorum

413 909 751 974 inquisitoris
801 922 856 959 et
904 911 1095 961 vicarii
1142 922 1197 960 ct
1246 911 1414 962 etiam
1463 914 1604 962 bone
1654 912 1912 962 memorie
1963 912 2142 973 Alani,
2193 912 2435 978 episcopi

415 992 793 1059 Corisopiten.,
839 1005 973 1046 tunc
1016 995 1274 1058 viventis,
1323 997 1587 1047 mandato
1633 997 1891 1047 detentus
1950 997 2131 1046 fuerat
2187 1007 2243 1046 et
2298 1006 2433 1046 tunc

413 1077 580 1128 etiam
625 1066 980 1130 detinebatur
1023 1080 1078 1130 in
1123 1099 1333 1132 carcere
1379 1091 1495 1142 tuo,
1541 1081 1711 1132 frater
1753 1081 2005 1147 episcope
2051 1081 2429 1146 Corisopiten.‚

413 1180 687 1212 successor
717 1163 960 1214 eiusdem
994 1165 1154 1215 Alani
1185 1165 1444 1231 episcopi,
1479 1165 1847 1230 mancipatus,
1881 1166 1983 1214 sub
2018 1165 2126 1216 fida
2161 1165 2428 1226 custodia,

413 1256 467 1294 ct
504 1247 595 1296 alii
631 1258 799 1298 testes
839 1249 932 1313 qui
970 1249 1190 1300 fuerant
1227 1250 1360 1300 alias
1398 1268 1561 1315 super
1597 1250 1700 1299 hoc
1737 1249 2042 1300 examinati
2078 1249 2122 1299 si
2158 1249 2428 1310 viverent,

413 1341 467 1379 et
507 1333 831 1395 generaliter
871 1351 1056 1383 omnes
1099 1335 1192 1399 qui
1231 1352 1392 1400 super
1432 1336 1533 1384 hoc
1573 1334 1707 1384 scire
1748 1344 1972 1400 possent
2012 1334 2428 1399 quomodolibet

412 1415 724 1478 veritatem,
762 1428 817 1466 et
853 1418 1212 1482 probabiliter
1248 1419 1536 1484 deponere,
1574 1429 1630 1467 et
1666 1437 1760 1484 per
1795 1418 2118 1468 utramlibet
2156 1418 2427 1468 dictarum

413 1500 654 1564 partium
691 1501 991 1552 existerent
1028 1501 1316 1564 nominati,
1355 1504 1424 1554 ad
1461 1514 1709 1554 nostram
1746 1502 2079 1568 presentiam
2116 1502 2428 1568 sumptibus

412 1586 834 1649 producentium
877 1587 1235 1651 personaliter
1276 1598 1623 1637 vocarentur.
1669 1587 2071 1637 Attestationes
2105 1601 2334 1652 ‘quoque
2374 1597 2429 1636 et

414 1669 776 1720 confessiones
807 1671 1023 1720 illorum
1055 1672 1149 1737 qui
1179 1672 1568 1737 premissorum
1599 1672 1880 1723 occasione
1911 1671 2238 1721 dicebantur
2266 1671 2428 1720 fuisse

414 1754 704 1816 combusti,
752 1755 838 1803 vel
883 1755 938 1804 in
985 1755 1289 1806 carceribus
1338 1755 1559 1818 mortui,
1606 1756 1693 1805 vel
1739 1754 1992 1815 districti,
2040 1755 2196 1805 nobis
2256 1754 2423 1805 etiam

414 1839 792 1901 mitterentur3
832 1851 887 1889 et
927 1842 1073 1906 quod
1114 1841 1283 1892 etiam
1323 1841 1525 1891 notarii
1564 1840 1770 1906 publici
1809 1840 1903 1906 qui
1942 1857 2037 1905 per
2075 1841 2252 1890 dictos
2298 1841 2427 1890 Her·

411 1942 575 1973 veum
625 1935 680 1973 et
748 1925 973 1974 Ivonem
1023 1944 1117 1975 seu
1168 1944 1262 1991 per
1323 1943 1511 1974 eorum
1575 1935 1988 1991 procuratorem
2039 1925 2125 1974 vel
2195 1925 2427 1975 alterum

411 2009 727 2059 eorumdem
777 2027 939 2074 super
987 2009 1134 2059 dicto
1183 2009 1406 2074 negocio
1456 2011 1843 2060 asserebantur
1889 2009 2078 2060 fecisse
2128 2026 2426 2075 processus,

412 2092 498 2141 vel
538 2092 881 2157 consignasse
921 2093 1104 2159 aliqua
1144 2093 1532 2156 instrumenta,
1574 2113 1682 2144 una
1723 2112 1847 2143 cum
1887 2093 2046 2144 dictis
2087 2092 2424 2159 processibus

411 2194 505 2226 seu
538 2176 918 2234 instrumentis
953 2178 1112 2240 veris,
1148 2178 1422 2244 perfectis,
1458 2196 1552 2228 scu
1585 2178 1828 2243 integris,
1863 2196 1974 2228 non
2007 2177 2296 2239 truncatis,
2331 2194 2423 2227 seu

411 2261 715 2323 diminutis,
752 2280 851 2312 nec
886 2262 1133 2313 alteratis
1170 2281 1238 2313 ex
1264 2281 1406 2312 nova
1444 2262 1671 2324 fabrica,
1710 2264 1779 2313 ad
1816 2266 2063 2313 nostram
2085 2261 2424 2328 presenciam

410 2345 658 2395 similiter
696 2357 1053 2408 vocarentur3
1094 2357 1150 2396 et
1190 2348 1337 2413 quod
1378 2347 1432 2397 in
1472 2358 1657 2396 totum
1698 2347 1880 2397 omnia
1923 2349 2066 2397 bona
2108 2346 2332 2396 mobilia
2371 2355 2426 2394 et

408 2428 709 2481 immobilia
753 2430 996 2481 eiusdem
1040 2431 1308 2494 Caterine,
1352 2431 1536 2481 uxoris
1580 2431 1715 2481 dicti
1760 2431 1978 2492 Hervei,
2025 2431 2214 2481 matris
2257 2429 2424 2480 etiam

408 2524 464 2563 et
508 2514 753 2564 omnium
797 2515 1033 2565 fratrum
1077 2526 1132 2565 et
1175 2534 1423 2566 sororum
1467 2516 1655 2582 ipsius,
1702 2517 1771 2566 ob
1816 2515 2078 2582 premissa
2124 2516 2210 2564 vel
2239 2533 2423 2564 eorum

410 2599 690 2650 occasione
744 2610 1033 2663 arrestata,
1090 2619 1183 2651 seu
1238 2603 1482 2662 detenta,
1540 2602 2012 2652 dearrestarentur
2066 2610 2120 2649 et
2173 2599 2422 2650 restituc-

407 2693 598 2732 rentur
646 2684 877 2746 eisdem3
930 2686 1072 2736 bona
1123 2704 1253 2736 vero
1305 2685 1527 2736 mobilia
1579 2696 1633 2734 et
1682 2684 1984 2735 immobilia
2035 2684 2171 2735 dicti
2223 2682 2422 2733 Hervei

407 2767 735 2819 dearrestari
767 2779 822 2818 et
855 2780 1010 2820 extra
1046 2781 1392 2836 sequestrum
1426 2770 1556 2836 poni
1575 2771 1734 2819 modo
1767 2770 2022 2819 volumus
2040 2768 2416 2833 infrascripto:

408 2852 681 2915 videlicet,
744 2855 925 2920 quoad
987 2873 1206 2906 omnem
1266 2855 1695 2907 necessariarum
1755 2874 1978 2905 suarum
2038 2852 2419 2904 sufficientiam

407 2955 785 3003 expensarum,
814 2949 868 2988 et
912 2941 1094 3005 quoad
1138 2958 1324 2990 omnes
1367 2940 1498 2991 alias
1542 2957 1808 3006 expensas
1851 2939 1960 2989 litis
1993 2936 2306 2988 huiusmodi
2323 2953 2416 3002 pro

407 3021 711 3084 advocatis,
744 3024 1211 3088 procuratoribus,
1244 3024 1490 3085 notariis,
1522 3023 2006 3085 testibus,nunciis
2025 3033 2079 3071 et
2099 3020 2417 3087 generaliter
2473 3077 2478 3082 ¹

409 3123 504 3169 pro
544 3106 797 3156 omnibus
838 3124 942 3173 que
981 3107 1036 3158 in
1074 3127 1237 3159 causa
1277 3127 1372 3158 seu
1409 3108 1504 3157 lite
1545 3108 1859 3158 huiusmodi
1897 3107 2292 3156 incumbebant
2330 3104 2413 3154 vel

406 3179 787 3240 incumberent
821 3191 1090 3243 facienda.
1130 3193 1206 3242 Ac
1242 3192 1626 3242 nichilominus
1663 3192 1818 3242 vobis
1855 3209 1950 3256 per
1983 3191 2167 3240 literas
2203 3198 2415 3239 nostras

406 3271 653 3322 districte
683 3274 933 3325 dedimus
963 3275 1018 3325 in
1050 3276 1326 3326 mandatis
1358 3286 1420 3325 ut
1450 3294 1565 3338 vos,
1597 3277 1683 3325 vel
1713 3276 1851 3324 alter
1880 3285 2145 3335 vestrum,
2178 3291 2271 3338 per
2300 3289 2412 3332 vos,

405 3356 490 3405 vel
535 3356 722 3420 alium,
770 3377 863 3409 seu
910 3359 1061 3422 alios,
1111 3360 1383 3426 predictos
1432 3379 1618 3410 omnes
1665 3361 1735 3410 ad
1782 3378 1898 3421 nos,
1947 3369 2008 3407 ut
2056 3356 2415 3424 premittitur,

403 3442 712 3491 evocandos
754 3444 1119 3510 peremptorie
1158 3462 1226 3494 ex
1266 3454 1421 3510 parte
1462 3454 1648 3494 nostra
1691 3444 1857 3494 citare
1899 3453 1962 3492 ut
2001 3442 2140 3492 infra
2183 3442 2411 3507 duorum

406 3524 673 3576 mensium
712 3527 959 3592 spacium
1000 3538 1126 3594 post
1164 3529 1486 3580 citationem
1527 3527 1841 3579 huiusmodi
1880 3526 2014 3576 dicti
2052 3523 2252 3576 notarii
2290 3540 2411 3573 cum
2448 3572 2450 3575 ,

404 3607 564 3659 dictis
610 3612 950 3675 processibus
998 3631 1091 3663 seu
1136 3613 1519 3664 instrumentis
1565 3613 1725 3675 veris,
1773 3611 2027 3678 perfectis
2073 3620 2129 3659 et
2173 3606 2410 3675 integris,

404 3702 466 3741 ut
502 3693 798 3757 prefertur3
836 3713 1047 3747 necnon
1084 3697 1175 3748 alii
1211 3707 1379 3748 testes
1416 3698 1667 3764 expensis
1706 3695 2147 3763 producentium,
2168 3710 2301 3758 quas
2319 3691 2408 3751 eis,

408 3776 462 3825 in
503 3777 771 3829 veniendo
812 3780 880 3831 ad
923 3781 1259 3846 presenciam
1301 3791 1566 3843 nostram,
1609 3781 1806 3833 stando
1848 3780 1903 3830 in
1955 3796 2181 3829 romana
2237 3774 2390 3826 Curia
