2540 4354
467 328 571 380 400
858 343 1144 378 nnuman
1186 343 1258 375 DE
1304 324 1715 384 L'momsrrtoN
1761 343 2077 388 FRANcAtsE

469 462 769 512 secundum
830 471 1045 509 tenores
1110 458 1454 524 presentibus
1518 459 1856 510 interclusos.
1924 461 2100 524 Quare
2165 460 2475 512 discretioni

468 555 647 595 vestre
681 543 1028 610 precipiendo
1065 542 1391 592 mandamus
1427 543 1689 608 quatinus
1722 543 1933 594 litteras
1968 554 2181 594 nostras
2213 541 2474 612 :alligatas

471 628 813 694 presentibus
853 625 982 692 ipsis
1022 626 1134 689 regi
1173 636 1227 674 et
1267 626 1490 691 prelatis
1531 643 1597 674 ex
1638 637 1793 691 parte
1833 638 2019 677 nostra
2061 628 2382 693 presentetis
2421 637 2476 677 et

470 712 616 778 apud
658 728 746 760 eos
788 710 1006 773 negotia
1049 720 1309 760 contenta
1352 710 1408 759 in
1447 710 1577 775 ipsis
1618 710 1814 760 litteris
1856 711 2063 761 solicite
2093 712 2346 777 prosequi
2365 722 2477 761 stu-

471 795 663 858 deatis,
701 795 855 845 nobis
894 794 1024 859 quid
1061 812 1223 859 super
1258 793 1359 843 hiis
1395 793 1607 844 factum
1658 795 1822 844 fuerit
1872 796 2245 860 quantocitius
2293 795 2474 846 rescri-

471 880 636 946 pturi,
674 878 1083 945 procuretisque
1122 879 1322 928 habere
1357 896 1388 929 a
1424 878 1571 927 dicto
1607 896 1729 942 rege
1747 879 1958 930 litteras
1981 891 2278 946 oportunas
2297 880 2366 932 ad
2385 897 2474 946 gu·

471 966 818 1014 bernatorem
855 962 1168 1013 Dalfinatus
1203 973 1258 1011 et
1291 980 1414 1012 suos
1451 963 1784 1014 consiliarios
1818 981 2018 1030 easque
2051 965 2208 1015 nobis
2243 974 2473 1030 quanto-

470 1048 628 1099 citius
666 1047 915 1114 poteritis
954 1046 1255 1097 destinetis.
1295 1073 1365 1081 —
1403 1047 1609 1097 Datum
1643 1047 1917 1110 Avinioni‚
1957 1067 2013 1098 v1
2054 1049 2312 1100 kalendas
2331 1049 2471 1115 apri-

468 1134 550 1196 lis,
583 1151 727 1184 anno
758 1133 949 1183 tertio:

525 1338 566 1379 ‘l.
598 1336 706 1379 Voir
726 1337 769 1378 la
791 1335 911 1377 bulle
934 1335 1010 1389 qui
1034 1337 1234 1389 precede.

1245 1821 1320 1828 —
1352 1786 1466 1846 278
1497 1786 1595 1845 his
1632 1821 1703 1828 —

548 1948 791 2013 Gre‘goire
828 1947 916 1997 XI
953 1949 1154 1998 exhorta
1193 1949 1243 1997 Ia
1282 1947 1425 1997 reine
1460 1948 1519 1997 de
1555 1947 1756 2015 Naples
1812 1952 1844 1997 (ὶ
1888 1950 2178 2000 introduire
2214 1951 2345 2002 dans
2379 1971 2471 2004 son

468 2052 717 2099 royaume
753 2044 797 2083 et
834 2033 967 2082 dans
997 2033 1041 2081 le
1074 2036 1232 2082 comte'
1265 2032 1326 2082 de
1358 2033 1684 2083 Provencela
1708 2035 1947 2100 pratique
1982 2034 2141 2084 usite'e
2172 2055 2234 2086 en
2272 2036 2468 2087 Franco

468 2132 510 2170 et
544 2119 755 2170 relative
787 2121 818 2166 ἀ
860 2118 912 2166 Ia
966 2117 1191 2183 pen-sion
1223 2120 1254 2165 ἀ
1292 2117 1454 2167 servir
1510 2117 1982 2184 auxinquisiteurs
2011 2138 2103 2170 sur
2157 2122 2227 2170 les
2261 2139 2472 2171 revenus

468 2222 686 2268 royauoe.
728 2204 773 2252 A
817 2214 925 2253 tout
970 2203 1013 2252 le
1046 2203 1216 2252 moins
1252 2203 1567 2252 de‹›ra-z-elle
1604 2215 1871 2268 permeare
1904 2222 2011 2253 aux
2036 2205 2376 2271 inquisiteurs
2417 2206 2475 2256 de

469 2290 731 2355 percevoir
777 2291 828 2339 la
860 2298 979 2353 part
1009 2287 1099 2354 qui
1140 2288 1252 2337 leur
1286 2286 1483 2337 repient
1532 2306 1623 2336 sur
1655 2287 1699 2336 le
1719 2288 1932 2352 produit
1966 2289 2052 2338 des
2090 2290 2474 2356 confiscationS.

467 2406 534 2413 -
574 2372 844 2438 Avignon,
879 2372 943 2424 27
982 2390 1125 2423 mars
1157 2372 1309 2423 1373.

818 2505 923 2559 Reg.
964 2505 1084 2557 ναι,
1113 2510 1149 2545 t.
1182 2517 1372 2557 ccmnx,
1394 2502 1472 2547 fol.
1491 2506 1562 2546 38.

542 2627 828 2678 Carissime
856 2627 912 2678 in
943 2626 1156 2677 Christo
1193 2626 1300 2676 filie
1329 2626 1511 2690 regine
1543 2627 1718 2677 Sicilie
1748 2628 1963 2692 illustri,
1995 2629 2247 2693 salutem,
2278 2641 2378 2682 etc.
2410 2657 2475 2666 —

476 2713 623 2763 Inter
658 2711 840 2764 omnia
877 2729 982 2777 que
1017 2711 1197 2762 anime
1232 2722 1326 2761 tue
1361 2711 1595 2762 salutem
1629 2723 1685 2761 et
1719 2712 2013 2777 reginalem
2049 2714 2307 2764 honorem
2355 2731 2472 2764 con·

470 2815 685 2848 cernere
729 2797 1090 2847 dinoscuntur
1132 2797 1266 2846 illud
1309 2807 1631 2862 reputamus
1674 2815 1789 2847 esse
1833 2798 2153 2864 precipuum
2197 2818 2258 2850 ac
2299 2809 2472 2850 atten-

467 2882 679 2932 tissima
720 2881 1003 2946 diligentia
1043 2882 1452 2931 observandum
1492 2891 1554 2931 ut
1591 2899 1821 2947 regnum
1859 2893 1914 2932 et
1953 2893 2095 2932 terre
2134 2894 2226 2933 tue
2267 2900 2468 2933 conser-

468 2977 669 3016 ventur
718 2965 987 3017 catholica
1039 2984 1101 3016 ac
1173 2976 1407 3031 purgata
1473 2966 1622 3016 omni
1683 2967 1805 3018 labe
1869 2967 2105 3018 heretice
2167 2965 2469 3034 pravitatis,

468 3068 765 3115 eorumque
805 3051 980 3100 incole
1019 3068 1082 3099 eo
1123 3050 1456 3116 acceptiores
1499 3051 1781 3113 Altissimo
1823 3051 2033 3118 tibique
2057 3053 2321 3102 fideliores
2357 3050 2468 3101 red·

468 3135 672 3186 dantur
711 3153 817 3200 quo
856 3135 912 3185 in
954 3135 1060 3185 fide
1100 3135 1370 3186 catholica
1410 3135 1615 3185 fuerint
1653 3136 1923 3202 puriores;
1963 3137 2468 3200 consideramusque

467 3228 623 3270 tuam
669 3219 1023 3270 serenitatem
1068 3220 1257 3269 decere
1301 3230 1364 3269 ut
1409 3237 1584 3270 mores
1630 3219 1999 3284 gloriosissimi
2041 3232 2096 3271 et
2140 3215 2471 3271 devotissimi

466 3303 617 3367 regni
659 3303 885 3355 Francie
913 3322 942 3354 a
987 3303 1138 3353 cuius
1179 3322 1369 3368 regum
1410 3304 1578 3370 stirpe
1620 3304 1917 3356 clarissima
1958 3305 2179 3356 traxisti
2218 3303 2468 3369 originem

466 3387 522 3437 in
566 3387 720 3437 bonis
764 3388 980 3438 actibus
1023 3388 1270 3439 imiteris.
1322 3389 1560 3454 Ideoque
1605 3407 1729 3438 cum
1785 3389 1840 3439 in
1898 3390 2170 3456 aliquibus
2229 3387 2465 3455 partibus

467 3472 709 3520 ciusdem
745 3472 895 3537 regni
935 3473 1157 3523 Francie
1196 3474 1518 3523 observetur
1555 3475 1700 3539 quod
1739 3485 1884 3525 certa
1922 3474 2108 3540 pensio
2158 3492 2251 3524 seu
2299 3470 2468 3538 provi-

468 3555 544 3605 sio
584 3556 648 3605 de
687 3556 841 3606 bonis
879 3567 935 3606 et
971 3557 1333 3622 proventibus
1370 3558 1641 3622 regalibus
1680 3558 1970 3608 annuatim
2006 3558 2267 3608 tribuitur
2301 3554 2475 3621 inqui··

469 3639 728 3690 sitoribus
782 3641 1019 3690 heretice
1071 3642 1366 3706 pravitatis
1433 3642 1675 3691 eiusdem
1741 3653 1796 3691 et
1860 3642 2003 3707 regia
2072 3642 2215 3693 curia
2280 3637 2462 3704 recipit

472 3740 656 3772 omnes
692 3724 1175 3775 condemnationes
1210 3743 1302 3774 seu
1324 3726 1555 3776 mulctas
1575 3726 1749 3777 factas
1783 3737 1837 3776 et
1872 3728 2012 3777 bona
2047 3726 2340 3776 confiscata
2374 3738 2460 3789 per
