2540 4354
955 448 1167 482 οειωιτ
1204 446 1292 481 xn
1998 426 2100 479 265
2147 473 2163 483 ,

69 553 78 558 ⁴
122 565 303 619 fuerat
340 573 638 632 reportata,
680 580 877 614 novem
917 581 1063 622 acus,
1107 581 1229 612 cum
1273 563 1467 627 quibus
1510 562 1655 612 dicta
1699 578 1895 626 ymago
1937 557 2108 625 pungi

65 643 69 645 ⁸
124 648 376 710 debebat,
409 647 549 699 sicut
580 645 904 712 accepimus,
938 645 1211 696 invenisti.
1250 646 1438 695 Dictus
1473 663 1687 710 quoque
1724 642 2105 708 Raymundus,

78 739 81 741 ’
123 739 186 783 ut
214 730 430 791 dicitur,
462 729 569 781 fuit
598 728 873 780 confessus
904 738 960 777 et
990 728 1157 778 etiam
1190 729 1453 794 probatur
1485 745 1576 793 per
1609 745 1777 776 unum
1807 725 2103 776 secularem

86 851 91 854 -
122 812 266 881 quod
300 813 444 865 idem
483 811 844 878 Raymundus
878 810 1082 876 recepit
1116 820 1171 859 et
1209 828 1368 876 penes
1404 828 1457 860 se
1495 810 1673 859 tenuit
1690 809 1887 859 librum
1922 808 2101 873 inquo
2187 845 2190 848 »

78 966 83 968 Π
119 905 237 951 erat
266 896 467 963 scripta
499 895 672 946 forma
706 893 1015 966 traditionis
1049 893 1397 959 baptismatis
1428 892 1756 944 sacramenti
1787 910 1880 957 per
1923 892 2102 957 plures

84 1029 85 1033 ,
119 977 250 1032 dies.
283 965 474 1030 Dictus
503 978 670 1029 etiam
700 977 1006 1027 Bernardus
1037 976 1237 1027 dicitur
1266 976 1428 1027 fuisse
1459 976 1733 1026 confessus
1763 993 1817 1025 se
1850 974 2101 1028 habuisse

80 1116 90 1132 .
118 1061 316 1115 librum
344 1061 482 1113 sacri
510 1060 772 1128 baptismi
799 1061 869 1111 ab
898 1060 1122 1111 ecclesia
1151 1060 1217 1110 de
1250 1060 1433 1110 Monte
1463 1059 1575 1110 alto
1605 1060 1651 1120 ⁴3
1681 1076 1844 1123 seque
1886 1057 2095 1108 dictum

88 1143 315 1217 *librum
354 1144 559 1195 misisse
595 1144 742 1195 dicto
782 1143 1131 1209 Raymundo,
1171 1143 1265 1209 qui
1303 1143 1479 1208 plures
1518 1142 1629 1193 dies
1668 1142 1847 1192 tenuit
1883 1158 2007 1191 eum
2045 1149 2102 1190 et

72 1254 74 1257 ·
114 1237 306 1297 postea
337 1227 515 1294 ipsum
544 1227 751 1278 remisit
782 1226 1060 1293 capellano
1090 1226 1309 1277 ecclesie
1343 1236 1655 1276 memorate.
1691 1225 1903 1275 Dicitur
1930 1224 2099 1276 etiam

5 1380 9 1381 ⁷
80 1304 213 1380 :fur
240 1311 532 1378 quemdam
563 1309 814 1361 clericum
845 1310 988 1360 dicte
1016 1310 1236 1361 ecclesie
1267 1310 1332 1360 de
1366 1310 1549 1360 Monte
1578 1309 1691 1360 alto
1722 1309 1833 1358 fore
1863 1307 2096 1357 relatum

86 1394 262 1466 squod
293 1393 437 1445 idem
468 1394 774 1444 Bernardus
807 1394 1059 1444 eumdem
1093 1393 1344 1444 clericum
1376 1393 1590 1458 rogavit
1624 1402 1685 1441 ut
1717 1391 2099 1442 accomodaret

2 1475 6 1478 ’
85 1486 173 1529 et
203 1477 444 1528 traderet
477 1477 580 1528 sibi
613 1487 865 1528 sanctum
901 1477 1094 1529 crisma
1142 1477 1286 1527 dicte
1333 1476 1577 1537 ecclesie3
1614 1475 1759 1541 quod
1806 1475 1949 1525 idem
1998 1473 2098 1523 cle-

112 1559 256 1614 ricus
285 1559 461 1612 facere
490 1560 781 1624 recusavit,
813 1560 995 1611 dicens
1027 1561 1173 1626 quod
1204 1561 1273 1611 ad
1305 1560 1515 1610 dictum
1545 1559 1881 1610 Bernardum
1915 1575 2099 1607 mona·

7 1670 9 1675 ·
92 1642 276 1696 fidium
314 1661 425 1695 non
462 1644 751 1710 spectabat
788 1643 949 1694 alicui
986 1643 1299 1710 impendere
1337 1653 1589 1694 sanctum
1627 1641 1852 1711 [crisma.

1 1783 2 1786 Ἴ
110 1743 113 1747 ’
183 1725 318 1778 Cum
352 1725 556 1792 itaque,
593 1726 637 1777 si
670 1726 942 1793 premissis
978 1726 1180 1777 veritas
1214 1727 1559 1791 suffragetur,
1596 1724 1793 1792 prefati
1831 1722 2097 1784 monachi,

2 1781 18 1895 l
111 1808 430 1863 lubricando
479 1810 563 1859 vel
610 1810 864 1862 fabricari
909 1810 1157 1861 faciendo
1205 1810 1411 1860 dictam
1459 1808 1768 1875 ymaginem
1815 1808 2098 1872 ipsamque

112 1909 275 1962 nuper
324 1893 536 1960 prefato
575 1893 738 1946 altari
787 1894 1039 1960 ponendo
1075 1904 1133 1944 et
1170 1894 1406 1944 tenendo
1447 1910 1540 1960 per
1578 1893 1756 1959 plures
1795 1891 1925 1951 dies,
1966 1891 2097 1939 dum

12 2047 14 2049 Ι
109 1975 276 2034 missa
315 1976 392 2028 ibi
432 1977 826 2039 celebrabatur,
869 1977 1014 2028 dicte
1053 1977 1295 2044 ymagini
1337 1977 1568 2027 volendo
1611 1975 1850 2026 conferre
1893 1972 2096 2039 baptis-

15 2078 26 2126 ᾗ
93 2070 275 2133 ,βιαιοι
310 2071 714 2113 sacramentum
762 2062 831 2112 ad
879 2062 1242 2112 exercendum
1309 2059 1621 2111 huiusmodi
1683 2058 1993 2109 alchimiam
2042 2066 2097 2105 et

15 2144 17 2147 ’
432 2146 750 2197 thesaurum
795 2144 1181 2197 absconditum
1226 2143 1642 2211 exquirendum,
1690 2142 1866 2207 gravis
1913 2150 2095 2190 reatus

106 2261 110 2264 ·
205 2228 324 2280 cula
345 2229 680 2281 contraxisse
699 2240 1012 2292 noscantur,
1034 2248 1097 2281 ac
1118 2240 1406 2296 propterea
1427 2227 1537 2279 sint
1558 2227 1795 2293 graviter
1818 2224 2102 2293 puniendi,

16 2301 18 2306 ’
154 2309 423 2363 'cretioni
469 2323 629 2363 tue...
679 2314 1004 2365 mandamus
1052 2312 1312 2380 quatinus
1358 2322 1562 2364 secrete
1609 2321 1662 2361 te
1711 2311 1776 2360 de
1825 2308 2095 2375 premissis

166 2393 332 2447 udeas
366 2395 676 2458 informare,
711 2407 768 2447 et
803 2396 988 2448 taliter
1022 2395 1307 2463 providere
1342 2412 1595 2462 procures
1632 2395 1775 2460 quod
1814 2392 1946 2443 dicti
1983 2410 2095 2441 mo-

185 2476 288 2541 clu‘,
350 2478 442 2545 qui
503 2479 761 2546 premissa
823 2490 1135 2547 perpetrare
1195 2490 1397 2531 temere
1459 2486 1922 2545 presumpserunt,
1986 2494 2093 2525 non

210 2559 320 2612 sint
346 2561 528 2628 fugere
555 2573 610 2614 et
636 2581 731 2630 per
756 2564 943 2630 fugam
969 2564 1199 2616 evadere
1226 2563 1472 2615 debitam
1526 2560 1895 2628 disciplinam3
1925 2559 2095 2625 quod-

167 2659 217 2694 ·e
254 2643 436 2707 libros,
479 2645 774 2712 scripturas
816 2657 872 2697 et
911 2664 994 2698 res
1035 2646 1277 2714 ipsorum
1319 2645 1452 2697 alias
1495 2644 1676 2711 capias
1717 2654 1773 2694 et
1816 2641 2091 2692 custodias

24 2754 26 2763 ι
110 2719 153 2794 -ᾗί
184 2724 418 2793 ‘genten
451 2729 715 2796 nobisque
745 2729 965 2797 insuper
995 2729 1193 2782 referas
1227 2747 1320 2796 per
1353 2740 1475 2781 tuas
1507 2729 1717 2779 litteras
1750 2741 2090 2792 quecumque

22 2822 36 2861 z
115 2806 122 2824 '
176 2826 271 2878 per
296 2811 396 2863 hiis
425 2812 712 2876 inveneris,
742 2830 915 2881 queve
942 2813 999 2865 in
1027 2813 1297 2886 premissis
1326 2812 1543 2864 duxeris
1573 2811 1836 2863 facienda.
1869 2812 2091 2859 Contra-

34 2906 41 2915 ·”
226 2910 340 2946 ores
389 2913 483 2961 per
532 2914 815 2948 censuram
862 2897 1301 2959 ecclesiasticam,
1351 2895 1716 2964 appellatione
1766 2892 2090 2960 postposita,

36 3003 45 3018 -·
110 2978 516 3044 mpescendo.
558 2980 743 3031 Testes
784 2990 971 3032 autem
1012 2980 1107 3047 qui
1147 2980 1350 3032 fuerint
1389 2978 1675 3040 nominati,
1717 2977 1761 3029 si
1800 2995 1852 3027 sc
1896 2975 2092 3041 gratia,

39 3086 46 3100 -·
110 3053 234 3126 j“·'o'
293 3061 379 3111 vel
441 3061 631 3113 timore
693 3063 1086 3126 subtraxerint,
1149 3080 1374 3115 censura
1449 3061 1628 3123 simili,
1724 3058 2088 3125 appellatione

47 3151 49 3153 ’
125 3145 370 3207 ὀιιῑο,
414 3145 702 3212 compellas
747 3146 969 3199 veritati
1010 3146 1386 3198 testimonium
1429 3144 1725 3211 perhibere.
1771 3170 1838 3178 —
1883 3142 2086 3192 Datum

156 3222 380 3309 ffioni,
411 3229 513 3294 [1]v
543 3246 714 3280 nonas
746 3228 1063 3293 decembris,
1095 3247 1239 3281 anno
1271 3227 1463 3295 quinto
1494 3227 1532 3279 ⁶.

4 1904 13 1926 't

6 1979 12 1991 ι

131 3352 149 3397 ζ
165 3354 207 3402 1.
239 3357 438 3413 Dux-and,
458 3360 572 3403 abbe
593 3362 649 3403 de
670 3362 945 3414 Boulbonne,
966 3375 1218 3404 successeur
1238 3363 1293 3404 de
1315 3363 1565 3404 Guillaume
1587 3362 1736 3402 Court.
1766 3358 1910 3400 Gauio
1929 3358 2087 3410 che-iau,

50 3438 54 3439 ⁷
128 3425 142 3432 ⁴¹
173 3437 279 3486 ηπ,
302 3428 384 3470 col.
410 3429 514 3478 2943
539 3430 665 3473 J.·M.
691 3431 836 3484 Vidal,
862 3432 1016 3473 Benolt
1040 3432 1085 3472 X
1091 3432 1158 3483 11,
1183 3432 1339 3473 [κείνας
1363 3445 1619 3482 communes,
1645 3444 1687 3470 n.
1714 3429 1831 3470 4071.

47 3518 54 3523 ι
137 3518 140 3523 ·
165 3491 208 3537 2
235 3495 510 3552 Boulbonne,
528 3513 763 3542 commune
781 3502 836 3542 de
873 3501 1184 3555 Cintegabelle‚
1204 3502 1380 3543 arrond.
1401 3502 1456 3541 de
1477 3501 1622 3541 Muret
1657 3496 2085 3551 (flaute-Garunna).

50 3557 69 3607 Α.
107 3550 207 3619 g'b.
236 3563 437 3609 cnhuzac
470 3567 646 3622 (Ande),
676 3577 795 3612 cant.
826 3570 881 3611 de
910 3570 1116 3625 Bolpech,
1145 3571 1320 3612 arrond.
1353 3571 1406 3611 de
1437 3546 1813 3619 castelnaudary?

39 3663 44 3670 .
64 3682 66 3686 y
123 3629 211 3676 ἐξ.
236 3632 447 3679 nonunt
471 3636 864 3691 (Ariege),-canton
887 3640 941 3681 de
964 3639 1211 3691 savos-dun,
1246 3640 1421 3680 arrond.
1447 3639 1502 3680 de
1539 3637 1747 3679 Pamiers.

46 3726 58 3743 z
126 3700 208 3747 ὗ.
237 3701 361 3748 Saite
385 3706 439 3748 de
464 3705 664 3759 l'aflaire,
691 3722 734 3749 ιι.
760 3708 858 3750 179.
