2540 4354
801 396 804 398 -
880 375 883 377 ’
917 377 1061 412 nm
1103 362 1248 414 xxni
1990 363 2092 416 495

400 478 506 565 Bag.
523 509 636 566 Lat„
655 518 690 553 t.
710 523 849 566 ctvn,
867 511 944 553 fol.
964 526 1084 554 xxix
1105 517 1156 554 vo
1178 511 1309 566 (Jean
1326 513 1509 566 XXIII,
1528 513 1655 567 1412,
1669 528 1741 556 an.
1761 515 1804 568 2,
1822 513 1899 557 lib.
1915 513 2100 572 XXII).

183 629 480 691 Johannes,
511 640 616 680 ete.
650 628 862 680 Dilecto
896 630 1004 682 filio
1024 670 1055 683 ..
1084 630 1312 684 ¹abbati
1341 632 1657 685 monasterii
1683 633 1861 687 sancti
1903 633 2099 699 Egidii,

114 708 439 765 Nemausen.
481 711 726 775 diocesis,
766 712 1018 775 salutem,
1061 724 1164 764 etc.
1199 742 1267 749 —
1308 714 1566 766 Exhibita
1608 715 1762 767 nobis
1805 733 1899 783 pro
1941 727 2098 783 parte

55 823 57 826 ·
110 793 436 847 dilectorum
478 795 714 847 filiorum
756 796 902 847 Petri
941 797 1112 858 Olive,
1141 798 1419 849 .Johannis
1462 798 1742 849 Guillermi
1777 809 1834 849 et
1872 799 2100 851 Arnaldi

113 877 376 944 Peynore,
421 877 623 930 civium
668 878 998 941 Narbonen„
1043 879 1234 944 petitio
1280 880 1598 934 continebat
1640 883 1785 947 quod
1827 881 1954 933 licet
1994 882 2100 948 ipsi

111 959 365 1012 omnibus
398 960 589 1013 diebus
627 961 739 1013 vite
773 980 868 1012 sue
904 962 1141 1012 vixerint
1177 972 1232 1012 et
1268 963 1462 1013 vivant
1498 963 1564 1013 de
1599 964 1837 1029 presenti
1871 975 1935 1016 ut
1984 964 2099 1016 veri

111 1041 393 1096 christiani
435 1052 491 1094 et
533 1044 805 1107 catholici,
849 1044 1032 1111 sicque
1076 1044 1243 1096 etiam
1289 1046 1470 1096 vivere
1527 1046 1834 1098 desiderent
1889 1047 2098 1099 infutu-

109 1143 233 1178 rum
277 1144 308 1176 a
356 1126 462 1177 fide
508 1127 776 1179 catholica
824 1137 879 1177 et
923 1127 1166 1181 articulis
1230 1128 1355 1179 fidei
1414 1129 1723 1181 nullatenus
1784 1130 2098 1183 oberrantes

110 1226 176 1264 ac
221 1208 391 1263 etiam
439 1209 802 1261 ecclesiastica
850 1221 1194 1261 sacramenta
1244 1211 1399 1261 annis
1448 1211 1670 1277 singulis
1721 1223 1782 1263 ut
1830 1213 1921 1266 alii
1983 1213 2099 1264 veri

112 1291 396 1344 christiani
432 1292 739 1359 recipiendo
786 1292 1083 1359 missasque
1124 1304 1179 1343 et
1220 1293 1324 1346 alia
1368 1294 1552 1346 divina
1597 1295 1769 1346 officia
1826 1296 2096 1348 audiendo

113 1369 312 1427 devoto
340 1386 396 1426 et
425 1375 798 1429 continuando
828 1377 1032 1440 absque
1063 1376 1184 1427 labe
1214 1395 1306 1426 seu
1338 1378 1548 1427 macula
1593 1377 1819 1428 alicuius
1864 1378 2098 1430 heretice

113 1456 425 1524 pravitatis,
475 1458 858 1510 nichilominus
907 1468 1090 1509 tamen
1138 1459 1367 1509 dilectus
1417 1459 1555 1510 filius
1607 1461 1795 1511 Petrus
1843 1461 1908 1512 de
1929 1462 2098 1511 Mera-

69 1572 73 1573 ⁷
111 1538 248 1606 legio
274 1539 311 1602 ⁸,
350 1540 551 1591 ordinis
590 1542 822 1592 fratrum
861 1542 1264 1607 predicatorum
1303 1543 1587 1607 professor,
1627 1542 1915 1606 inquisitor
1952 1544 2098 1594 here-

114 1621 220 1674 tice
261 1622 553 1689 pravitatis
595 1623 649 1674 in
691 1624 938 1689 partibus
980 1624 1099 1686 illis,
1143 1624 1323 1675 animo
1365 1624 1508 1690 ipsos
1553 1625 1694 1675 cives
1734 1636 1790 1676 et
1832 1628 2098 1690 quosdam

115 1723 302 1757 eorum
340 1716 615 1757 consortes
651 1707 707 1757 in
744 1709 844 1759 hac
883 1718 1036 1773 parte
1076 1718 1206 1758 tunc
1246 1724 1524 1773 expressos
1566 1708 1938 1774 multipliciter
1974 1709 2099 1760 sati-

115 1789 297 1854 gandi,
332 1790 538 1841 scilieet
570 1790 848 1842 laboribus
883 1801 937 1840 et
971 1791 1238 1855 expensiS,
1276 1810 1336 1842 ac
1370 1791 1539 1840 etiam
1576 1802 1636 1840 ut
1671 1791 1908 1842 creditur
1954 1792 2102 1843 inde-

70 1910 74 1911 ν
121 1871 234 1924 bite
274 1873 662 1926 exactionandi
704 1874 881 1925 minus
923 1892 1047 1925 vere
1087 1874 1215 1940 ipsis
1256 1874 1518 1939 imposuit
1560 1876 1703 1940 quod
1747 1876 2007 1926 volebant
2046 1885 2103 1925 et

74 1946 77 1947 ⁷
115 1958 486 2022 procurabant
518 1957 723 2010 mutari
753 1958 928 2010 faeere
961 1975 1176 2008 cursum
1211 1957 1448 2008 fluminis
1468 1956 1653 2007 Ataeis
1673 1958 1906 2008 labentis
1952 1975 2103 2008 secus

117 2037 400 2092 civitatem
442 2040 755 2093 Narbonen.
794 2042 989 2092 subtus
1030 2052 1254 2107 pontem
1295 2041 1387 2106 qui
1425 2051 1507 2090 est
1545 2040 1686 2090 inter
1726 2041 2007 2091 civitatem
2045 2052 2103 2092 et

119 2121 234 2174 eius
277 2124 529 2189 burgum,
575 2123 668 2189 qui
711 2123 931 2190 quidem
976 2123 1174 2174 fluvius
1220 2123 1685 2189 quamplurimum
1742 2124 2105 2189 dampnificat

111 2205 404 2256 ‘terminale
449 2206 592 2257 dicte
639 2207 898 2268 civitatis,
944 2218 1000 2257 et
1045 2206 1188 2272 quod
1236 2206 1498 2256 volebant
1546 2214 1606 2255 ut
1653 2206 1805 2256 fieret
1864 2207 2099 2272 quedam

115 2299 345 2354 ruptura
389 2289 672 2339 cuiusdam
714 2289 861 2356 rupis
905 2309 1008 2355 que
1052 2291 1368 2355 plerumque
1410 2287 1639 2353 impedit
1696 2308 1911 2339 cursum
1972 2289 2104 2340 dicti

119 2369 355 2422 fluminis
414 2390 508 2438 per
566 2374 840 2437 quendam
899 2383 1167 2423 assertum
1226 2372 1686 2438 nigromanticum
1744 2371 1910 2423 etiam
1970 2382 2103 2423 tunc

82 2462 89 2485 ³
118 2472 435 2521 expressum
477 2474 571 2521 per
611 2456 905 2506 demonum
948 2455 1370 2516 invocationem,
1415 2456 1669 2521 quodque
1709 2455 1779 2507 ad
1821 2456 1917 2505 hee
1960 2474 2101 2507 com-

94 2537 356 2602 ,munitet
395 2538 672 2589 dedissent
715 2557 934 2604 operam
977 2539 1119 2589 cives
1164 2538 1361 2604 prefati
1403 2558 1525 2588 cum
1569 2537 1907 2589 consortibus
1950 2549 2102 2588 ante·

117 2618 307 2681 dictim
339 2632 395 2672 et
428 2622 613 2672 volens
647 2639 808 2687 super
841 2622 940 2671 hoc
975 2622 1038 2672 de
1075 2621 1247 2673 cilicio
1287 2620 1658 2686 Inquisitionis
1678 2619 1968 2687 pravitatis
2003 2622 2100 2671 hu·

118 2700 369 2761 iusmodi,
393 2714 580 2755 contra
623 2703 765 2770 ipsos
807 2702 947 2754 cives
987 2714 1044 2753 et
1083 2713 1377 2764 consortes,
1420 2714 1481 2753 ut
1519 2703 1754 2766 dicebat,
1796 2704 2102 2769 procedere,

94 2787 210 2838 'eos
237 2787 307 2838 ad
338 2786 621 2838 civitatem
652 2787 1133 2838 Carcassonensem
1162 2786 1216 2837 in
1246 2805 1352 2852 qua
1383 2797 1443 2836 ut
1471 2787 1782 2851 frequenter
1799 2785 1909 2852 ipse
1928 2785 2105 2852 inqui·

121 2867 256 2921 nitor
300 2869 519 2931 residet,
567 2889 659 2921 seu
710 2888 917 2921 moram
966 2869 1154 2931 trahit,
1205 2887 1386 2919 coram
1434 2888 1488 2919 se
1534 2868 1679 2938 ⁶fecit
1740 2868 2102 2920 communiter

106 2952 363 3014 ¹evocari;
395 2953 488 3017 qui
519 2953 740 3019 quidem
771 2953 932 3014 eiveS,
967 2963 1026 3003 ut
1061 2952 1155 3003 filii
1185 2951 1492 3004 obedientie
1523 2970 1705 3004 coram
1735 2951 1880 3002 dicto
1927 2951 2107 3017 inqui-

119 3033 286 3097 nitore
322 3035 377 3086 in
413 3045 559 3087 certo
596 3035 828 3087 termino
866 3054 959 3101 per
993 3036 1173 3102 ipsum
1208 3035 1281 3086 eis
1316 3036 1386 3086 ad
1423 3036 1521 3085 hoc
1556 3035 1776 3099 prefixo.
1800 3033 1855 3085 in
1890 3034 2107 3100 prefata

111 3114 347 3177 'civitate
388 3118 802 3170 Carcassonensi
840 3117 1171 3170 unanimiter
1210 3126 1633 3183 comparuerunt
1670 3126 1726 3165 et
1778 3116 2106 3181 quibusdam

122 3196 553 3265 interrogatoriis
607 3219 702 3252 seu
758 3200 1011 3267 capitulis
1067 3219 1160 3266 per
1214 3201 1448 3251 eundem
1502 3198 1880 3264 inquisitorem
1946 3218 2110 3266 super

122 3282 397 3348 premissis
445 3293 633 3346 contra
681 3283 899 3334 eosdem
948 3284 1091 3335 cives
1137 3293 1192 3333 et
1240 3292 1514 3334 consortes
1563 3281 1809 3335 formatis
1856 3282 2111 3348 negative

136 3365 531 3432 vespondentes,
591 3367 662 3420 ad
722 3366 982 3418 dilectum
1047 3367 1218 3417 filium
1279 3365 1562 3420 officialem
1626 3364 1955 3426 Narbonem,
2017 3366 2110 3417 ha-

165 3458 366 3510 entem,
411 3459 471 3499 ut
513 3449 749 3512 dicebat,
792 3468 954 3516 super
995 3449 1300 3511 visitandis,
1343 3447 1696 3514 inquirendis,
1739 3458 1795 3498 et
1823 3448 2111 3513 puniendis

128 3531 434 3582 excessibus
485 3533 855 3598 quorumlibet
903 3533 1267 3595 subditorum,
1319 3529 1711 3596 archiepiscopi
1762 3530 2115 3582 Narbonen.³

118 3613 417 3679 specialem
453 3615 522 3664 ab
558 3616 799 3667 eodem..
840 3615 1245 3681 archiepiscopo
1285 3623 1636 3681 potestatem,
1690 3611 1891 3678 quique
1928 3612 2112 3678 vigore

128 3692 270 3747 dicte
332 3696 623 3764 potestatis
683 3717 838 3750 suam
899 3697 1308 3765 inquisitionem
1367 3714 1529 3763 super
1601 3694 1871 3759 premissis
1947 3695 2114 3749 etiam
