2540 4354
429 354 531 409 226
818 375 1105 409 BULLAmE
1149 377 1224 409 nn
1281 358 1697 419 L’moursrriou
1760 374 2079 417 FRANcAisE

351 488 355 492 ’
426 502 481 541 et
522 503 769 542 vestrum
808 492 1047 557 singulos
1088 502 1303 544 attente
1344 494 1668 560 requirimus
1710 504 1765 543 et
1805 494 1860 543 in
1904 494 2136 544 Domino
2177 495 2430 544 exhorta-

427 590 548 625 mur
578 575 733 626 vobis
764 575 1147 627 nichilominus
1178 577 1477 628 districtius
1508 577 1851 644 iniungentes
1871 578 2130 643 quatinus
2162 588 2430 644 tanquam

425 659 528 711 viri
562 659 817 711 catholici
851 671 906 710 et
941 660 1247 711 orthodoxe
1284 661 1410 712 fidei
1444 662 1725 724 zelatoreS,
1763 681 1888 712 cum
1923 679 2018 728 per
2051 662 2328 728 prefatum
2357 661 2435 711 in-

429 744 747 811 quisitorem
776 745 863 795 vel
894 755 1067 795 certos
1097 745 1265 811 ipsius
1296 746 1522 796 nuncios
1554 746 1800 813 requisiti
1829 746 2056 815 fueritis,
2087 746 2259 797 dictos
2291 747 2460 810 here-b

425 829 561 879 ticos
601 828 830 895 capiatis
871 840 926 880 et
965 841 1155 896 captos
1196 833 1297 882 sub
1339 832 1448 882 fida
1488 842 1543 881 et
1581 842 1706 882 tuta
1759 832 2008 882 custodia
2048 831 2223 881 eidem
2259 830 2437 895 inqui-

425 914 579 964 sitori
611 914 680 964 ad
712 931 977 980 expensas
1009 915 1254 966 eiusdem
1290 916 1663 982 Inquisitionis
1697 916 1857 967 officii
1884 915 2199 967 remittatis.
2233 943 2302 951 —
2332 917 2436 966 Da-

420 1008 545 1048 ·tum
585 998 858 1061 Avinioni,
897 999 1017 1050 idus
1057 1000 1259 1066 aprilis,
1299 1019 1443 1053 anno
1483 1002 1739 1053 secundo.

485 1146 526 1187 1.
559 1145 666 1187 Voir
691 1161 734 1187 n.
762 1146 860 1198 129,
890 1154 1018 1189 notes
1045 1149 1087 1200 3,
1114 1149 1155 1189 4.

1258 1461 1596 1522 —150—

506 1647 575 1698 Le
599 1665 736 1713 pape
763 1647 947 1697 mande
971 1651 1003 1697 ἀ
1028 1647 1247 1714 Γένέᾳιιε
1271 1648 1330 1698 de
1356 1648 1515 1697 Paris
1555 1647 1613 1697 de
1651 1647 1785 1712 faire
1824 1646 2069 1697 conduire
2107 1665 2228 1696 sous
2273 1648 2434 1698 bonne

432 1731 603 1796 garde,
650 1735 683 1781 ἀ
726 1732 991 1796 Avignon,
1038 1733 1080 1782 le
1141 1732 1534 1783 necromancien
1591 1731 1800 1797 anglais
1853 1731 2153 1782 Guillaume
2211 1731 2438 1797 Altasex,

429 1819 610 1865 accuse
643 1815 702 1866 de
737 1817 1007 1883 malefice-s,
1043 1847 1112 1853 ——
1143 1817 1414 1883 Avignon,
1452 1817 1514 1868 13
1549 1817 1685 1868 avril
1720 1817 1869 1867 1336.
2491 1799 2499 1808 ἱ

781 1950 887 2003 Reg.
917 1951 1031 2004 Val.,
1056 1959 1088 1992 t.
1117 1965 1280 2004 cxxm,
1304 1951 1380 1992 fol.
1407 1966 1510 2004 x1x,
1527 1966 1569 1992 n.
1589 1953 1663 2000 66;
1685 1951 1896 2003 Daumet,
1912 1964 1981 2004 op.
1997 1949 2084 2003 cit„
2101 1964 2144 1991 n.
2162 1950 2244 1991 160
2265 1948 2442 2004 (anal.);

724 2021 924 2074 Hansen,
961 2022 1138 2076 Quellen
1174 2023 1266 2063 und
1297 2023 1468 2064 Unters.
1499 2036 1576 2063 zur
1609 2022 1754 2063 Gesch.
1771 2022 1843 2062 des
1861 2019 2176 2075 Hexenwahns,
2202 2035 2245 2075 p.
2272 2021 2313 2074 8,
2338 2035 2381 2062 n.
2397 2020 2440 2063 8.
2495 2075 2498 2078 Δ

515 2155 822 2207 Venerabili
868 2156 1025 2206 fratri
1063 2197 1095 2208 ..
1144 2156 1162 2186 ¹
1194 2156 1445 2224 episcopo
1497 2156 1753 2208 Parisien.
1806 2186 1875 2192 —
1923 2156 2175 2207 Volentes
2229 2154 2441 2206 Guillel-

431 2260 583 2291 mum
627 2241 853 2292 Altafex
875 2240 912 2300 2,
956 2241 1438 2306 nigromanticum,
1484 2242 1549 2291 de
1594 2241 1806 2307 Anglia,
1855 2232 1948 2306 qui
1987 2259 2081 2307 pro
2117 2239 2442 2305 quibusdam

433 2325 714 2375 maleficiis
771 2344 863 2375 seu
918 2325 1249 2376 factionibus
1306 2327 1375 2376 ab
1430 2327 1621 2376 eodem
1691 2325 2017 2393 perpetratis
2073 2334 2135 2374 ut
2191 2323 2443 2374 asseritur

429 2409 537 2459 tuis
596 2409 874 2460 detinetur
930 2411 1275 2478 mancipatus
1334 2402 1657 2472 carceribus,
1708 2411 1778 2462 ad
1835 2410 2029 2460 Sedem
2086 2408 2440 2475 apostolicam

433 2494 590 2544 certis
637 2513 704 2544 ex
748 2495 920 2544 causis
966 2495 1183 2558 adduci,
1228 2496 1566 2546 fraternitati
1609 2507 1701 2545 tue
1759 2513 1853 2562 per
1897 2494 2194 2560 apostolica
2241 2492 2439 2558 scripta

432 2580 756 2630 mandamus
815 2579 1076 2645 quatinus
1132 2581 1367 2631 eundem
1438 2580 1788 2632 Guillelmum
1842 2579 1913 2630 ad
1970 2578 2175 2630 dictam
2248 2577 2439 2628 Sedem

431 2663 756 2728 quantocius
799 2665 1015 2714 mittere
1057 2667 1157 2716 sub
1202 2666 1308 2717 fida
1352 2665 1598 2718 custodia
1653 2684 1763 2716 non
1803 2665 2120 2732 postponas.
2166 2663 2238 2712 Et
2276 2661 2439 2712 nichi-

427 2747 666 2799 lominus
722 2750 991 2815 quasdam
1044 2749 1276 2801 laminas
1332 2769 1456 2801 cum
1524 2750 1720 2816 quibus
1777 2748 1987 2816 operari
2041 2747 2324 2798 dicebatur
2387 2745 2438 2795 in

430 2832 635 2883 eisdem
678 2834 957 2884 maleficiis
1001 2844 1054 2884 et
1096 2834 1427 2886 factionibus
1483 2834 1872 2901 componendis
1914 2831 2153 2900 perquiri
2192 2850 2255 2882 ac
2294 2848 2438 2880 recu-

429 2917 607 2982 perari
646 2928 702 2968 et
740 2919 1047 2970 transmitti
1086 2920 1243 2970 nobis
1286 2919 1472 2982 facias,
1515 2930 1679 2986 prout
1732 2919 1959 2969 dilectus
2005 2916 2144 2968 filius
2188 2915 2440 2981 magister

432 3001 752 3052 Guillelmus
786 3003 1083 3054 Lombardi
1105 3005 1144 3066 ³,
1193 3004 1486 3055 canonicus
1535 3004 1897 3071 Mirapiscen.,
1933 3001 2172 3053 officialis
2221 2998 2438 3051 Avinio·

427 3103 572 3146 nen.,
602 3086 863 3152 premissa
895 3088 1230 3153 designando
1260 3088 1453 3140 clarius
1482 3088 1586 3140 tibi
1613 3088 1816 3140 scribit.
1851 3088 2142 3138 —Datum
2170 3095 2233 3134 ut
2258 3101 2435 3150 supra.

414 3285 420 3291 .
486 3234 528 3274 1.
562 3233 814 3277 Guillaume
841 3237 896 3277 de
922 3235 1122 3287 Chanac;
1151 3237 1250 3279 voir
1273 3253 1316 3281 n.
1344 3239 1445 3292 146,
1471 3245 1577 3280 note
1603 3238 1644 3279 1.

489 3303 528 3344 2.
563 3303 816 3346 Guillaume
848 3306 1089 3359 Lombard,
1123 3307 1284 3350 official
1315 3308 1746 3362 d’Avignon,recut,
1779 3306 1918 3348 16181·
1949 3304 2047 3359 juin
2077 3305 2206 3358 1336,
2237 3301 2439 3346 commis·

428 3372 526 3414 sion
560 3375 614 3415 de
647 3373 710 3416 lui
743 3375 853 3418 faire
885 3390 948 3418 un
981 3381 1135 3432 proces
1173 3378 1231 3432 (n.
1267 3379 1383 3433 152).

487 3444 527 3484 3.
562 3443 815 3487 Guillaume
839 3445 1066 3489 Lombard
1093 3449 1206 3490 etait
1229 3450 1575 3504 probablement
1594 3448 1828 3503 originaire
1845 3449 1906 3489 du
1931 3446 2104 3488 diocese
2144 3447 2199 3487 de
2223 3442 2436 3498 Mirepoix

431 3527 488 3554 ou
513 3515 567 3554 de
593 3515 705 3556 celui
730 3517 785 3557 de
812 3517 1022 3559 Pamiers.
1051 3518 1152 3560 Cela
1192 3520 1402 3575 explique
1438 3521 1482 3562 la
1519 3520 1679 3562 favour
1717 3518 1828 3573 qu’il
1852 3525 2016 3559 trouva
2068 3518 2229 3571 aupres
2267 3515 2322 3557 de
2356 3513 2435 3554 Βο-

431 3584 529 3623 noit
550 3583 658 3624 XII.
683 3584 907 3638 Quelques
927 3586 1050 3639 jours
1071 3589 1095 3628 a
1119 3589 1248 3643 peine
1269 3593 1397 3644 apres
1419 3605 1500 3633 son
1521 3589 1726 3642 election,
1747 3586 1922 3630 celui-ci
1941 3585 2005 3628 lui
2025 3585 2205 3627 confer-a
2226 3599 2287 3626 un
2307 3595 2435 3626 cano·

430 3652 553 3693 nieat
577 3654 688 3695 dans
714 3654 879 3708 l’eglise
896 3656 951 3697 de
968 3657 1203 3712 Mirepoix,
1219 3661 1302 3700 sub
1318 3660 1628 3714 eaespectatione
1651 3657 1934 3714 praebendae,
1954 3654 2198 3709 dignitatis.
2218 3667 2274 3696 νει
2295 3665 2435 3708 pereo-

431 3729 572 3775 natus,
599 3724 661 3764 vel
683 3723 825 3776 officii.
853 3725 892 3765 A
919 3734 1038 3768 cette
1063 3729 1169 3770 date
1198 3729 1239 3783 (9
1265 3731 1427 3772 sevrier
1451 3730 1599 3783 1335),
1626 3728 1899 3781 Guillaume,
1925 3727 2112 3768 docteur
2137 3727 2181 3766 es
2201 3722 2301 3777 lois,
2325 3720 2434 3765 &tait

428 3791 677 3842 professeur
710 3794 735 3834 a
765 3793 1055 3838 l’Universite
1089 3799 1143 3839 de
1176 3799 1411 3842 Toulouse.
1446 3801 1579 3842 Arch.
1614 3799 1775 3850 vatic„
1810 3797 1977 3851 Regeet.
2010 3796 2164 3848 Aven„
2198 3802 2230 3836 t.
2266 3803 2431 3840 xt-vms
