2540 4354
458 358 557 416 174
841 378 1131 415 Butmunss
1173 383 1249 414 DE
1291 358 1709 425 L'momsrrmu
1753 378 2074 426 FRANQAJSE

458 516 563 565 que
586 498 903 549 habilitavit
925 509 979 547 et
1001 498 1246 548 restituit
1268 499 1336 549 ad
1360 499 1567 549 famam
1590 509 1645 548 et
1667 509 1877 549 statum
1901 499 2194 565 pristinum
2217 509 2271 549 et
2293 499 2457 551 hono-

455 601 557 644 res,
587 593 643 632 et
671 583 739 632 ad
769 583 911 632 bona
941 600 1046 647 que
1075 582 1223 648 prius
1251 583 1492 648 legitime
1522 582 1828 645 obtinebat,
1859 584 1991 633 dum
2033 594 2220 634 tamen
2249 602 2342 649 per
2383 586 2457 636 di-

457 676 611 716 ctum
643 666 927 716 dominum
959 677 1210 716 nostrum
1243 685 1448 732 papam
1480 677 1578 718 aut
1610 685 1704 732 per
1735 667 1903 717 alium
1924 668 1988 717 de
2010 668 2272 719 mandato
2291 668 2457 734 ipsius

456 769 618 816 super
657 751 758 800 hoc
798 759 1135 815 potestatem
1176 751 1474 801 habentem
1515 752 1579 801 de
1618 751 1747 816 ipsis
1789 751 1943 802 bonis
1983 752 2203 801 interim
2243 770 2350 802 non
2389 753 2461 803 sit

456 835 602 886 aliud
638 834 974 897 ordinatum,
1009 853 1102 884 seu
1135 835 1190 884 in
1224 835 1427 885 eisdem
1462 835 1616 885 bonis
1670 835 1826 885 alteri
1884 835 1969 885 ius
2005 836 2308 902 quesitum3
2341 855 2458 887 nec-

456 939 563 970 non
600 930 654 968 et
690 937 851 984 super
886 919 1287 983 irregularitate
1326 930 1609 971 contracta
1647 930 1871 986 propter
1922 921 2181 986 premissa
2234 922 2318 970 vel
2367 922 2458 972 ali·

457 1005 602 1070 quod
650 1003 1056 1069 premissorum,
1105 1005 1237 1054 dum
1284 1014 1471 1055 tamen
1517 1022 1626 1054 non
1671 1004 1727 1054 in
1774 1015 2157 1071 contemptum
2204 1005 2456 1070 clavium,

455 1088 654 1138 divinis
706 1107 758 1138 se
809 1087 1169 1138 immiscuerit
1219 1107 1405 1139 secum
1458 1089 1877 1140 misericorditer
1928 1089 2294 1155 dispensavit;
2360 1091 2457 1142 hoc

454 1191 703 1239 expresse
734 1191 828 1239 per
854 1173 1036 1239 ipsum
1066 1173 1352 1223 dominum
1380 1184 1631 1224 nostrum
1661 1192 1864 1241 papam
1893 1174 2107 1224 adiecto
2137 1185 2191 1223 et
2218 1185 2456 1226 rettento

456 1259 601 1324 quod
633 1258 676 1308 si
705 1258 849 1308 idem
880 1258 1049 1308 frater
1083 1259 1331 1324 Raphael
1363 1270 1552 1310 contra
1583 1259 1846 1325 premissa
1873 1257 2056 1310 iurata
2087 1269 2142 1308 et
2172 1259 2451 1325 promissa,

455 1344 540 1394 vel
573 1343 794 1409 aliquod
828 1361 1016 1393 eorum
1050 1361 1144 1410 per
1176 1362 1229 1394 se
1263 1345 1348 1394 vel
1381 1345 1550 1395 alium
1583 1344 1789 1410 aliquid
1823 1344 2027 1410 faceret
2059 1344 2144 1394 vel
2178 1355 2457 1396 contrave-

455 1428 613 1490 niret,
652 1427 798 1494 quod
834 1438 968 1478 tunc
1002 1428 1058 1478 in
1093 1428 1297 1478 eisdem
1333 1429 1618 1479 sententiis
1655 1440 1709 1479 et
1746 1429 1896 1495 penis
1934 1428 2132 1494 quibus
2167 1430 2457 1480 tenebatur

455 1523 636 1576 antea,
667 1514 948 1564 relabatur
978 1524 1033 1563 et
1062 1514 1331 1565 reincidat
1362 1532 1422 1564 eo
1454 1514 1598 1580 ipso3
1631 1525 1685 1563 et
1718 1514 1863 1580 quod
1895 1514 2168 1565 absolutio
2210 1524 2265 1563 et
2310 1515 2457 1565 habi-

453 1597 633 1648 litatio
664 1607 719 1647 et
748 1597 1085 1664 dispensatio
1116 1598 1393 1649 antedicte
1424 1598 1534 1648 sint
1565 1617 1729 1661 casse,
1760 1598 1909 1648 irrite
1940 1609 1994 1647 et
2024 1597 2223 1648 nullius
2253 1598 2456 1649 roboris

454 1682 540 1732 vel
573 1682 864 1745 momenti3
925 1683 1345 1749 habeanturque
1399 1683 1660 1748 premissa
1693 1682 1747 1732 in
1780 1683 2026 1733 favorem
2058 1682 2226 1748 ipsius
2273 1682 2452 1733 fratris

457 1767 750 1832 Raphaelis
780 1767 928 1818 facta
960 1779 1014 1817 et
1046 1778 1195 1833 gesta
1227 1778 1431 1818 extunc
1461 1768 1679 1834 penitus
1711 1787 1807 1834 pro
1837 1756 2070 1818 infectis.

527 1851 921 1918 Commisitque
960 1852 1105 1902 idem
1151 1853 1404 1903 dominus
1455 1862 1641 1902 noster
1698 1871 1840 1918 papa
1875 1852 2173 1902 reverendo
2218 1851 2361 1918 patri
2395 1852 2448 1903 in

454 1936 668 1986 Christo
714 1937 934 1987 domino
965 1938 1289 2000 Bertrando,
1323 1937 1577 2003 episcopo
1609 1937 1936 2000 Tusculano,
1969 1947 2032 1987 ut
2076 1936 2252 1987 eidem
2302 1936 2453 1988 fratri

458 2022 726 2087 Raphaeli
751 2041 847 2088 pro
884 2022 1157 2088 premissis
1193 2041 1359 2088 penas
1395 2033 1450 2072 et
1484 2021 1820 2088 penitencias
1840 2022 2147 2087 imponeret
2166 2022 2452 2083 salutares3

455 2106 520 2155 de
557 2107 754 2172 quibus
797 2107 1050 2157 omnibus
1092 2118 1148 2156 et
1189 2107 1432 2172 singulis,
1493 2117 1556 2157 ut
1610 2107 1971 2173 premittitur,
2036 2106 2172 2157 actis
2201 2117 2256 2156 et
2289 2106 2446 2172 gestis

452 2190 697 2254 prefatus
726 2191 978 2241 dominus
1019 2202 1204 2242 noster
1245 2191 1534 2242 mandavit
1575 2191 1739 2241 michi
1777 2190 2126 2258 infrascripto
2147 2189 2359 2241 notario
2394 2200 2453 2239 ut

451 2274 577 2324 inde
618 2275 852 2326 facerem
892 2276 1173 2342 publicum
1212 2276 1661 2327 instrumentum.

526 2359 664 2410 Acta
703 2359 927 2409 fuerunt
964 2361 1061 2410 hec
1098 2379 1260 2422 anno,
1298 2359 1614 2422 indictione,
1655 2359 1757 2422 die,
1799 2377 1997 2422 mense,
2038 2359 2367 2425 pontificatu
2404 2368 2457 2408 et

452 2444 570 2493 loco
609 2444 807 2510 quibus
845 2464 1027 2512 supra,
1068 2445 1411 2511 presentibus
1450 2445 1854 2496 venerabilibus
1893 2445 2020 2495 viris
2059 2444 2291 2495 dominis
2331 2444 2455 2494 Gas-

454 2529 627 2591 berto,
673 2529 1080 2596 archiepiscopo
1126 2530 1449 2593 Arelatensi,
1496 2530 1810 2592 camerario,
1855 2530 2132 2580 Bernardo
2179 2528 2456 2595 Stephani,

452 2613 685 2676 notario,
727 2614 1005 2665 Francone
1045 2615 1110 2665 de
1146 2615 1298 2677 Bort,
1338 2615 1527 2678 milite,
1571 2615 1802 2680 Hugone
1841 2613 2134 2675 Ademarii,
2158 2613 2454 2675 domicello,

454 2698 726 2762 magistris
759 2699 1032 2750 hostiariis
1065 2700 1272 2749 domini
1304 2699 1476 2750 nostri
1508 2717 1666 2765 pape,
1699 2709 1755 2749 et
1785 2699 2017 2750 aliorum
2052 2698 2293 2748 fidelium
2326 2697 2455 2747 mul-

451 2782 690 2832 titudine
722 2784 957 2849 copiosa,
989 2784 1224 2834 testibus
1255 2785 1323 2834 ad
1355 2784 1616 2850 premissa
1648 2783 1876 2834 vocatis.
1912 2784 1983 2832 Et
2012 2802 2108 2848 ego
2142 2782 2454 2832 Guillelmus
2484 2822 2489 2826 .

451 2866 516 2915 de
562 2868 799 2931 Petrilia,
846 2869 1188 2919 Caturcensis
1234 2869 1478 2931 diocesis,
1537 2868 1760 2919 Camere
1804 2867 2011 2919 domini
2055 2885 2194 2934 pape
2221 2867 2455 2929 clericus,
2511 2935 2518 2940 Α

451 2952 783 3014 auctoritate
842 2954 1142 3019 apostolica
1202 2953 1452 3020 publicus
1511 2954 1775 3016 notarius,
1836 2952 1995 3003 dictis
2053 2949 2453 3018 supplicationi,

447 3034 886 3087 iuramentorum
939 3037 1282 3104 prestationi,
1336 3037 1689 3100 absolutioni,
1743 3037 2157 3103 dispensationi,
2211 3034 2452 3086 commis-

454 3120 591 3171 sioni
619 3132 674 3170 et
705 3122 958 3172 omnibus
988 3123 1105 3173 aliis
1136 3122 1464 3188 supradictis
1496 3141 1603 3173 una
1636 3141 1760 3172 cum
1792 3122 2049 3188 predictis
2079 3121 2313 3171 testibus
2343 3137 2454 3185 pre·

453 3222 573 3255 sens
612 3206 690 3256 fui
728 3217 783 3255 et
821 3206 945 3256 huic
984 3207 1202 3272 publico
1241 3207 1628 3269 instrumento,
1669 3225 1837 3257 manu
1877 3206 2145 3257 Johannis
2169 3202 2454 3270 Palaysini,

453 3289 631 3339 clerici
673 3291 816 3340 dicte
861 3291 1205 3341 Caturcensis
1249 3291 1494 3353 diocesis,
1540 3291 1872 3342 auctoritate
1915 3289 2217 3357 apostolica
2261 3285 2455 3338 notarii

454 3374 674 3438 publici,
702 3375 819 3425 vice
849 3393 967 3426 mea
996 3375 1217 3441 scripto,
1248 3394 1331 3425 me
1360 3375 1657 3442 supscripsi
1685 3387 1738 3424 ct
1765 3376 1943 3441 ipsum
1977 3393 2093 3424 meo
2123 3374 2272 3438 signo
2300 3371 2452 3422 solito

450 3458 662 3521 signavi
704 3459 1016 3527 requisitus.
