2540 4354
460 372 562 428 286
846 389 1132 426 BULLAmss
1177 394 1250 425 DE
1295 371 1710 436 L'1NQU1S1T10N
1756 390 2073 435 ῐ-*ΒΑΝςΑιεΕ

457 509 566 561 nen
589 528 862 574 expresso,
889 509 997 559 suis
1022 509 1175 558 dedit
1197 509 1394 560 litteris
1419 509 1474 559 in
1500 509 1775 560 mandatis
1800 521 1863 560 ut
1897 511 1961 560 de
2000 510 2221 560 consilio
2261 509 2468 575 aliquo·

457 613 577 644 rum
614 594 975 644 discretorum
1011 593 1249 644 fratrum
1284 594 1528 644 eiusdem
1565 594 1768 643 ordinis
1804 595 2025 658 eligeret
2060 611 2155 644 sex
2189 595 2253 644 de
2289 594 2468 644 fratri-

459 679 558 727 bus
609 677 743 726 dicti
790 676 994 725 ordinis
1044 676 1453 741 provinciarum
1505 676 1731 726 Francie
1780 695 1842 726 ac
1892 677 2175 727 Provincie
2223 678 2467 742 ydoneos

457 762 524 811 ad
581 761 892 811 huiusmodi
947 780 1081 826 opus
1149 761 1486 810 dominicum
1553 762 1958 826 exequendum,
2011 772 2175 827 prout
2228 762 2467 812 contine-

455 847 620 896 batur
655 846 865 911 plenius
902 845 955 894 in
974 845 1172 894 litteris
1211 845 1421 895 Nicolai
1458 846 1848 910 predecessoris
1885 845 2128 896 eiusdem
2148 846 2186 897 2.
2225 846 2466 908 Quarum

454 932 765 980 litterarum
805 930 991 994 vigore
1032 940 1166 979 tunc
1208 931 1566 980 observatum
1605 930 1871 980 extiterat
1913 931 2058 995 quod
2100 949 2194 996 per
2234 931 2466 996 priorem

453 1014 846 1083 provincialem
896 1014 1028 1064 dicti
1079 1014 1279 1064 ordinis
1331 1014 1608 1079 provincie
1662 1014 1942 1064 Provincie
1993 1015 2059 1064 de
2108 1015 2466 1066 discretorum

455 1099 677 1150 consilio
713 1098 880 1165 priori
915 1099 1240 1164 provinciali
1275 1098 1409 1148 dicti
1445 1098 1648 1148 ordinis
1684 1099 1739 1148 in
1777 1099 2024 1161 Francia,
2062 1100 2318 1164 quociens
2354 1100 2466 1150 fue-

454 1195 540 1235 rat
575 1183 890 1250 expediens,
928 1181 1111 1248 alique
1147 1201 1375 1249 persone
1410 1184 1623 1248 ydonee
1658 1184 1942 1235 nominate
1977 1184 2214 1246 fuerant,
2234 1203 2465 1249 quarum

458 1287 622 1319 unam
666 1268 845 1318 dictus
890 1267 1035 1334 prior
1079 1267 1429 1333 provincialis
1476 1268 1703 1318 Francie
1745 1270 1813 1319 ad
1856 1269 2242 1334 exequendum
2285 1269 2464 1320 huius-

455 1353 603 1402 modi
641 1352 879 1402 officium
918 1353 973 1402 in
1013 1353 1160 1403 dicta
1201 1353 1483 1418 provincia
1526 1353 1811 1403 Provincie
1850 1354 2185 1419 deputabat3
2226 1365 2280 1402 et
2319 1354 2463 1419 quod

453 1438 828 1503 postmodum,
870 1437 1011 1486 sicut
1051 1436 1227 1486 eidem
1269 1437 1513 1487 Johanni
1553 1437 1919 1503 predecessori
1936 1438 2250 1504 expositum
2268 1438 2463 1502 fuerat,

450 1523 506 1573 in
546 1523 788 1590 quodam
826 1522 1062 1587 generali
1099 1522 1341 1588 capitulo
1381 1522 1515 1572 dicti
1554 1523 1757 1572 ordinis
1796 1524 1943 1588 apud
1982 1523 2295 1573 Bisuntium
2334 1525 2462 1573 cele-

453 1609 611 1658 brato
647 1625 742 1673 per
776 1608 1101 1671 magistrum
1137 1608 1445 1672 generalem
1479 1607 1613 1657 dicti
1647 1608 1850 1658 ordinis
1885 1619 1940 1657 et
1974 1608 2293 1657 diffinitores
2329 1608 2461 1658 eius-

454 1693 577 1742 dem
616 1692 845 1758 capituli
882 1692 975 1757 qui
1012 1703 1145 1742 tunc
1181 1703 1357 1754 erant,
1396 1692 1544 1743 dicta
1582 1693 1864 1758 provincia
1904 1692 2186 1743 Provincie
2225 1692 2279 1742 in
2329 1693 2461 1743 duas

452 1777 760 1843 provincias
807 1776 983 1827 divisa
1030 1776 1212 1828 fuerat
1260 1777 1296 1840 3,
1345 1796 1578 1842 quarum
1625 1778 1796 1828 altera
1841 1778 1998 1828 iuxta
2061 1777 2459 1827 ordinationem

450 1861 583 1910 dicti
630 1861 858 1927 capituli
903 1872 1036 1911 tunc
1084 1861 1551 1912 denominabatur
1597 1863 1738 1912 sicut
1785 1873 1839 1911 et
1885 1881 2030 1912 nunc
2077 1862 2462 1912 denominatur

451 1946 731 2011 provincia
771 1947 1109 2008 Tholosana3
1150 1947 1204 1996 in
1244 1965 1351 2011 qua
1393 1947 1614 2011 quidem
1654 1947 1935 2012 provincia
1973 1947 2130 1996 iuxta
2171 1946 2463 1996 ordinatio·
2511 1935 2515 1939 ¹

449 2048 572 2079 nem
623 2031 865 2080 eiusdem
917 2031 1143 2095 capituli
1195 2031 1769 2082 contineba'turetiam
1804 2032 2235 2092 Carcassona,ac
2257 2032 2362 2080 duo
2383 2030 2456 2080 in‘

452 2115 741 2180 quisitores
776 2134 843 2166 ex
878 2115 979 2165 illis
1015 2134 1128 2178 sex,
1166 2135 1303 2181 unus
1338 2117 1594 2166 videlicet
1629 2117 1877 2177 Tholose,
1899 2127 1954 2165 et
1972 2116 2108 2167 alius
2130 2117 2454 2167 Carcassone

449 2200 739 2265 specialem
785 2201 1050 2250 haberent
1093 2210 1148 2249 et
1192 2200 1436 2251 facerent
1495 2203 1852 2263 mansionem,
1931 2202 2195 2251 habentes
2253 2199 2453 2250 ibidem

449 2271 639 2333 domos
680 2302 915 2349 suosque
953 2302 1235 2350 processus
1273 2303 1336 2335 ac
1371 2285 1537 2335 libros
1576 2297 1630 2335 et
1669 2304 1907 2336 carceres
1965 2286 2034 2336 ad
2098 2302 2452 2350 personarum

449 2369 776 2430 custodiam,
811 2387 914 2433 que
945 2379 1075 2418 sunt
1107 2370 1401 2434 pravitatis
1432 2371 1669 2420 heretice
1698 2372 1821 2421 labe
1864 2388 2104 2436 resperse
2150 2369 2452 2436 specialiter

448 2453 762 2519 deputatos,
815 2453 965 2502 Idem
1027 2454 1307 2504 Johannes
1384 2456 1730 2521 predecessor
1814 2455 2148 2521 conspiciens
2223 2451 2454 2519 equitati

447 2556 746 2588 consonum
780 2548 833 2586 et
866 2538 1034 2588 etiam
1066 2539 1268 2588 rationi
1302 2540 1449 2604 quod
1482 2539 1624 2590 sicut
1656 2551 1786 2590 ante
1819 2539 2143 2590 divisionem
2177 2536 2454 2604 provincie

447 2633 747 2673 memorate
803 2622 1010 2673 factam
1074 2623 1129 2672 in
1205 2624 1451 2688 predicto
1529 2625 1769 2690 capitulo
1852 2625 2028 2674 eidem
2108 2623 2272 2689 priori
2332 2639 2449 2688 pro-

448 2708 665 2758 vinciali
714 2707 938 2757 Francie
986 2725 1079 2772 per
1125 2708 1359 2773 priorem
1421 2710 1812 2774 provincialem
1872 2709 2115 2759 eiusdem
2176 2706 2449 2773 provincie

447 2792 729 2843 Provincie
765 2791 1199 2842 nominabantur
1234 2793 1405 2858 aliqui
1440 2794 1635 2844 fratres
1672 2794 1873 2859 ydonei
1909 2794 1974 2842 de
2011 2793 2234 2843 consilio
2257 2791 2446 2842 discre-

448 2888 646 2941 torum,
682 2895 916 2941 quorum
951 2895 1123 2926 unum
1158 2877 1340 2927 dictus
1375 2878 1521 2943 prior
1555 2873 1902 2944 provincialis
1941 2877 2166 2928 Francie
2200 2876 2268 2927 ad
2302 2892 2444 2925 exer-

443 2962 675 3011 cendum
714 2961 768 3010 in
808 2960 1035 3010 civitate
1073 2961 1381 3013 Tholosana
1421 2974 1476 3012 et
1516 2964 1663 3013 dicto
1702 2981 1866 3028 regno
1907 2961 2220 3014 huiusmodi
2264 2958 2440 3025 Inqui-

441 3047 650 3096 sitionis
684 3045 921 3094 officium
955 3046 1283 3110 deputabat,
1317 3047 1390 3096 sic
1422 3048 1675 3113 deinceps
1698 3046 2261 3098 huiusmodifratrum
2281 3042 2446 3094 nomi-

441 3131 591 3180 natio
639 3148 732 3195 per
775 3129 1009 3194 priorem
1056 3130 1447 3194 provincialem
1495 3132 1627 3181 dicti
1673 3132 1874 3182 ordinis
1921 3131 2013 3197 qui
2061 3141 2190 3179 tunc
2234 3138 2349 3179 erat
2391 3136 2444 3175 et

439 3226 580 3265 esset
613 3232 707 3279 pro
741 3224 986 3278 tempore
1019 3213 1074 3262 in
1108 3214 1385 3278 provincia
1449 3217 1756 3268 Tholosana
1791 3217 1856 3265 de
1889 3216 2249 3265 discretorum
2281 3210 2447 3261 consi-

440 3300 509 3349 lio
548 3299 661 3348 fieri
694 3299 936 3359 deberet,
969 3307 1026 3346 et
1058 3316 1197 3348 unus
1230 3299 1447 3350 illorum
1479 3301 1548 3352 ad
1581 3301 2017 3352 nominationem
2052 3295 2365 3357 huiusmodi
2392 3295 2444 3344 in

442 3384 644 3433 eisdem
680 3382 990 3433 Tholosana
1026 3382 1308 3447 provincia
1343 3395 1512 3451 atque
1545 3404 1729 3451 regno,
1765 3385 1834 3437 ad
1869 3383 2234 3434 exercendum
2269 3379 2446 3430 huius-

445 3469 589 3518 modi
631 3468 867 3517 osticium
909 3466 1179 3532 deputari.
1228 3469 1377 3518 Idem
1419 3471 1697 3522 Johannes
1739 3471 2083 3537 predecessor
2122 3467 2224 3518 tibi
2260 3466 2314 3516 in
2346 3463 2445 3514 vir·

443 3564 562 3603 ‘tute
617 3550 926 3602 obedientie
979 3551 1087 3601 suis
1143 3552 1295 3603 dedit
1347 3554 1543 3605 litteris
1599 3556 1900 3606 districtius
1954 3554 2008 3603 in
2063 3549 2334 3603 mandatis
2387 3555 2444 3596 ut

441 3640 506 3688 de
565 3647 742 3686 cetero
809 3634 1062 3700 quotiens
1111 3637 1395 3702 expediret
1449 3645 1562 3706 'per
1622 3640 1938 3699 cessionem,
2005 3637 2090 3685 vel
2151 3636 2442 3692 decessum,

440 3740 533 3773 seu
569 3720 925 3781 amotionem,
963 3718 1050 3768 vel
1086 3720 1455 3785 privationem
1493 3724 1828 3790 inquisitoris
1866 3720 2158 3788 pravitatis
2208 3715 2441 3769 eiusdem

438 3807 492 3859 in
529 3809 674 3859 dicta
712 3801 1003 3870 provincia
1041 3801 1349 3858 Tholosana
1386 3808 1766 3875 inquisitorem
1803 3807 1971 3857 alium
2009 3802 2262 3864 ordinari,
2301 3810 2358 3850 tu
2391 3806 2444 3848 ot
