2540 4354
914 404 1180 455 enixam·
1219 422 1276 456 vi
1981 405 2080 457 297

82 537 372 602 „hmaniffi
403 554 564 604 super
595 536 815 588 crimine
848 535 1044 587 heresis
1078 535 1289 587 delatus
1323 536 1427 586 fuit
1455 546 1510 587 et
1526 546 1824 588 arrestatus
1856 546 1911 587 et
1942 556 2078 588 nun-

12 655 13 659 =
63 632 269 690 {quam
318 620 451 672 illud
503 618 778 671 confessus
829 629 886 670 et
935 619 1006 670 ab
1057 627 1262 670 arresto
1313 618 1606 670 liberaliter
1655 619 1930 671 relaxatus
1983 638 2078 687 per

80 703 476 772 sfquisitorem
511 703 836 756 Carcassone
871 712 927 752 et
961 701 1212 752 dimissus
1279 701 1333 751 in
1369 719 1526 768 pace3
1561 692 1616 752 et
1651 701 1705 752 in
1729 703 1869 753 lecto
1887 703 2076 755 ultime

124 787 131 791 ’
193 786 416 839 'tudinis
450 803 545 839 sue
579 786 810 838 asseruit
844 785 971 836 viva
1007 801 1140 836 voce
1175 802 1229 836 se
1266 785 1501 836 tenuisse
1536 795 1592 835 et
1628 795 1828 849 tenere,
1862 788 2076 838 credere

189 868 433 938 profiteri
466 869 616 921 illam
654 869 818 920 fidem
854 868 1181 919 catholicam
1218 885 1384 934 quam
1419 867 1563 918 dom.
1602 886 1744 935 papa
1779 879 1836 920 et
1870 869 2077 920 domini

202 951 267 997 ⁴⁰·
296 951 393 1004 les
437 952 488 1004 S.
530 970 665 1004 rom.
713 951 946 1003 Ecclesie
988 951 1204 1011 docent,
1249 951 1531 1017 predicant
1570 961 1628 1002 et
1665 952 1976 1017 observant,
2020 963 2077 1003 et

158 1071 165 1077 ν
202 1035 643 1088 christianissime
675 1035 818 1087 diem
851 1053 1011 1087 suum
1045 1034 1239 1087 clausit
1255 1044 1561 1086 extremum
1593 1034 1823 1103 receptis
1840 1053 1933 1103 per
1950 1054 2074 1087 eum

2 1117 7 1130 ⁷
150 1128 295 1171 vote
332 1118 567 1171 Ecclesia
602 1119 974 1181 sacramentis,
1013 1129 1280 1185 tanquam
1319 1135 1476 1169 verus
1513 1119 1810 1170 catholicus
1828 1130 1884 1170 et
1909 1121 2073 1171 bono·

0 1259 2 1263 ,
82 1220 215 1274 ,a-jgm
260 1220 483 1271 operum
529 1212 784 1255 sectator.
834 1204 1033 1254 Verum
1080 1201 1248 1253 frater
1298 1201 1560 1254 Henricus
1607 1203 1673 1253 de
1734 1203 2010 1269 Chamayo
2034 1203 2072 1265 ²,

11 1283 14 1286 ’
91 1291 140 1335 ι-’ῑν
175 1303 226 1340 ιο
263 1284 552 1352 inquisitor
591 1287 992 1351 Carcassonen.,
1034 1294 1159 1354 post
1200 1284 1412 1336 obitum
1453 1284 1586 1337 dicti
1618 1287 1763 1338 Petri
1803 1305 1896 1353 per
1942 1288 2071 1338 XVI

144 1386 261 1422 mos
314 1370 458 1437 cepit
509 1388 777 1422 resumere
831 1370 1037 1423 dictam
1096 1368 1510 1436 Inquisitionem
1577 1358 1762 1422 contra
1796 1371 2070 1438 prefatum

95 1448 428 1517 '“efunctum,
482 1453 692 1505 reiectis
746 1453 1149 1505 defensionibus
1207 1471 1300 1519 pro
1376 1462 1531 1519 parte
1603 1453 1769 1521 ipsius
1826 1454 2071 1504 defuncti

91 1531 133 1607 J·
172 1534 399 1604 positis,
435 1554 669 1603 eumque
704 1555 1006 1605 respersum
1043 1537 1189 1588 dicto
1228 1536 1449 1588 crimine
1484 1537 1879 1588 sententialiter
1896 1538 2068 1589 decla·

92 1617 262 1681 vit3
298 1629 355 1671 et
391 1619 466 1671 sic
504 1621 681 1672 dictus
721 1621 1010 1673 canonicus
1050 1621 1297 1688 privatus
1336 1621 1442 1671 fuit
1480 1621 1729 1672 omnibus
1770 1620 1922 1672 bonis
1959 1621 2068 1672 suis

18 1699 25 1772 '¹
163 1702 563 1756 trimonialibus
611 1723 674 1756 ac
721 1705 889 1756 etiam
938 1705 1279 1771 prepositura
1328 1705 1394 1755 de
1423 1705 1827 1771 Canesuspenso
1858 1705 2067 1771 ³quam

120 1786 345 1860 ἼΔποιιίιεο
374 1787 537 1839 titulo
567 1789 882 1855 possidebat
909 1788 965 1839 in
986 1788 1208 1840 ecclesia
1234 1788 1495 1855 predicta.
1526 1788 1598 1838 Et
1615 1789 1758 1838 dom.
1791 1789 2066 1840 Johannes

146 1929 150 1931 λ
203 1887 278 1923 re.
329 1870 501 1922 XXII
549 1872 635 1939 pie
683 1882 739 1923 et
787 1871 1202 1924 misericorditer
1250 1872 1396 1923 dicto
1473 1872 1656 1923 Isarno
1732 1872 2067 1938 compatiens

359 1954 674 2007 habilitavit
714 1956 784 2007 ad
826 1973 1168 2023 quecumque
1210 1956 1471 2007 beneficia
1513 1955 1872 2007 ecclesiastica
1914 1972 2066 2020 regu·

124 2095 130 2098 ,
168 2036 183 2049 ’
259 2038 575 2103 obtinenda,
620 2040 835 2092 etiamsi
879 2039 1193 2107 dignitates,
1239 2058 1332 2091 seu
1377 2050 1698 2107 personatus
1755 2039 1997 2090 existant
2019 2039 2065 2100 ⁴3

9 2131 18 2146 ²
83 2141 89 2158 -·
118 2152 170 2190 ··.-.
189 2120 341 2174 tiam
369 2123 655 2176 mandavit
685 2124 959 2191 provideri
986 2124 1162 2175 eidem
1191 2124 1257 2174 de
1287 2123 1529 2190 prioratu
1559 2123 1624 2173 de
1653 2121 2004 2173 Tribusbonis
2028 2124 2064 2185 ⁶,

23 2198 32 2203 ⁵
213 2221 323 2257 ιοιιι
361 2207 600 2270 ecclesie,
640 2209 734 2275 qui
772 2218 906 2259 tunc
945 2209 1269 2275 sperabatur
1309 2225 1502 2259 vacare
1533 2225 1626 2273 per
1654 2205 2063 2257 translationem

117 2279 138 2291 ’
183 2287 291 2352 ·ris,
325 2289 410 2341 cui
442 2290 686 2357 prioratu
721 2309 847 2343 cura
881 2291 1130 2343 imminet
1162 2291 1485 2344 animarum.
1524 2290 1680 2342 Unde
1714 2289 1839 2356 quia
1871 2289 1925 2339 in
1969 2290 2064 2339 hu-

168 2372 315 2424 modi
358 2374 740 2427 habilitatione
785 2376 852 2427 de
896 2375 1203 2427 animarum
1249 2393 1376 2426 cura
1424 2373 1627 2425 mentio
1673 2391 1781 2424 non
1814 2374 2064 2429 habetur,

31 2446 33 2449 ⁵
123 2456 303 2531 [Aceat
342 2457 393 2509 S.
438 2458 500 2510 V.
541 2459 834 2510 extendere
875 2459 1081 2510 dictam
1122 2457 1854 2519 habilitationem,videlicet
1895 2456 2061 2507 etiam

136 2539 141 2581 ἶ
161 2554 348 2593 euram
389 2542 592 2594 habeat
630 2541 940 2594 animarum
978 2552 1036 2593 et
1077 2541 1251 2594 officia
1291 2541 1558 2604 similiter,
1600 2541 1643 2592 si
1683 2541 1858 2591 eidem
1898 2540 2062 2591 semel

32 2618 34 2623 ’
119 2672 122 2678 ,
141 2623 406 2691 quotiens
423 2635 479 2677 et
494 2626 798 2678 successive
817 2626 1074 2678 canonice
1086 2622 1467 2688 conferantur,
1483 2635 1539 2675 et
1556 2642 1744 2675 vocem
1763 2623 2060 2690 plenariam

39 2763 41 2766 ,
220 2705 413 2774 pitulo,
439 2727 563 2760 cum
584 2709 840 2763 omnibus
867 2727 973 2761 non
995 2708 1324 2760 obstantibus
1339 2717 1395 2758 et
1420 2707 1671 2760 clausulis
1698 2706 1978 2774 oportunis
2004 2716 2060 2756 et

224 2789 474 2844 toribus.
510 2822 579 2833 -·
611 2793 750 2846 Fiat.
789 2793 854 2844 R.

141 2868 364 2927 ‘vntum
402 2877 549 2944 apud
589 2876 1028 2939 Villlamnovam‚
1054 2875 1308 2927 Avinion.
1350 2874 1593 2937 diocesis,
1635 2893 1674 2925 ιι
1715 2892 1884 2925 nonas
1912 2883 2058 2923 octo·

135 2964 202 3021 J',
230 2974 373 3012 anno
403 2962 658 3013 secundo.

33 3197 39 3205 ¹
121 3145 136 3187 5]
157 3168 172 3193 ··
193 3148 300 3196 Voir
317 3153 360 3197 la
380 3154 500 3198 bulle
522 3171 564 3199 ιι.
589 3158 642 3200 93
681 3174 757 3201 sur
777 3160 817 3202 le
840 3162 983 3203 meme
1004 3160 1144 3214 objet,
1167 3167 1214 3201 et
1235 3160 1295 3201 les
1319 3165 1444 3200 notes
1485 3156 1561 3211 qui
1601 3156 1998 3210 vaccompassssflnt·

26 3247 54 3274 „3
131 3238 145 3247 ·
203 3217 342 3264 nturi
365 3225 420 3267 de
444 3225 664 3282 Chamay3
691 3243 733 3270 n.
761 3230 831 3283 84,
856 3237 961 3273 note
986 3230 1027 3272 1.

119 3342 124 3345 Α
152 3287 403 3347 ,’ῦιροιιάιι
427 3293 605 3351 (Aude),
628 3298 835 3341 chet-lieu
859 3300 914 3342 de
937 3306 1074 3354 cant„
1097 3299 1273 3341 arrond.
1298 3299 1354 3340 de
1377 3297 1688 3340 Carcassonne.

122 3359 124 3362 ’
170 3357 319 3407 ,Rullo
341 3377 387 3407 n.
413 3365 483 3408 98.

128 3473 145 3478 γ,
182 3427 348 3481 2⁸⁸1)oe
375 3431 553 3490 (Ande),
577 3446 697 3481 cant.
723 3440 780 3482 de
804 3439 1031 3495 Capendu.

151 3544 178 3570 ν
