2540 4354
416 341 516 396 270
799 358 1085 395 nnuman
1128 360 1202 392 DE
1256 341 1675 403 L’iNQmsrrioN
1720 353 2038 400 FRANqArsE

413 477 713 528 audiendas
782 476 1155 527 commisimus
1207 485 1276 526 'et
1341 476 1497 526 nobis
1565 473 1922 541 postmodum
1985 471 2314 523 referendas.
2347 473 2424 522 Ac

413 561 608 610 deinde
641 561 706 609 de
741 561 1005 611 mandato
1039 561 1284 611 eiusdem
1320 560 1467 611 Petri
1500 557 1789 611 cardinalis
1822 574 1890 605 ex
1921 555 2143 621 speciali
2176 556 2423 606 commis-

412 645 559 695 sione
589 661 751 709 super
781 644 882 693 hoc
914 662 1008 709 per
1038 662 1135 694 nos
1166 645 1269 695 sibi
1298 642 1760 707 facta,nonnullis
1779 639 2012 690 testibus
2031 640 2424 706 reprobatoriis

412 747 507 795 pro
554 739 710 795 parte
755 728 890 778 dicti
937 729 1180 780 Menneti
1225 740 1416 781 contra
1461 729 1637 779 dictos
1683 737 1853 777 testes
1898 741 1994 790 pro
2043 735 2199 789 parte
2286 725 2420 776 dicti

414 814 638 866 Giraudi
682 817 981 882 productos
1025 825 1182 866 extra
1228 815 1437 866 dictam
1481 813 1701 865 Curiam
1742 833 2032 871 romanam
2074 810 2325 876 receptis,
2370 820 2426 860 et

412 917 600 950 eorum
636 899 1092 952 attestationibus
1130 918 1237 951 una
1276 918 1400 948 cum
1436 899 1719 949 tenoribus
1757 901 1997 965 plurium
2031 901 2424 951 instrumento-

410 1003 532 1033 rum
568 994 624 1034 et
662 985 975 1036 litterarum
1015 1002 1200 1035 coram
1240 983 1624 1034 commissariis
1644 995 1699 1033 et
1729 985 2107 1050 receptoribus
2148 981 2427 1031 dictorum

410 1068 636 1119 testium
675 1070 1073 1134 productorum
1110 1068 1346 1119 remissis
1386 1069 1455 1121 ad
1495 1070 1727 1120 eandem
1767 1070 1975 1120 curiam
2004 1069 2162 1120 iuxta
2182 1082 2418 1126 morem3

411 1171 505 1204 nos
541 1153 718 1204 eidem
757 1155 917 1204 Petro
956 1153 1221 1204 cardinali
1255 1153 1644 1205 attestationes
1681 1165 1736 1203 et
1772 1172 2055 1220 processus
2099 1148 2418 1203 huiusmodi

408 1237 745 1303 recipiendos
795 1249 850 1288 et
897 1238 1238 1304 aperiendos,
1289 1256 1351 1289 ac
1400 1238 1990 1289 causamhuiusmodi
2035 1236 2426 1288 resumendam

409 1332 464 1371 et
511 1322 846 1375 audiendam
896 1322 1268 1373 commisimus
1315 1333 1373 1372 et
1420 1323 1578 1373 nobis
1640 1325 1999 1388 postmodum
2057 1321 2424 1380 referendam,

414 1407 747 1458 Presentatis
790 1407 957 1473 igitur
999 1407 1147 1458 dicto
1194 1409 1355 1458 Petro
1400 1407 1666 1459 cardinali
1707 1407 2162 1459 attestationibus
2205 1416 2262 1456 et
2303 1422 2425 1472 pro-

411 1491 648 1543 cessibus
680 1492 1015 1554 huiusmodi,
1047 1503 1103 1542 et
1134 1491 1332 1542 deinde
1363 1492 1511 1542 dicto
1545 1492 1785 1544 Giraudo
1817 1504 1873 1542 et
1905 1492 2167 1558 magistro
2201 1489 2424 1541 Nicolao

411 1576 476 1626 de
537 1576 994 1639 Hermondivilla,
1052 1587 1408 1643 procuratore
1465 1577 1668 1643 prefati
1725 1577 1987 1641 Menneti‚
2022 1595 2207 1628 coram
2266 1576 2424 1626 Petro

411 1660 676 1713 cardinali
711 1661 959 1727 predicto
998 1661 1053 1712 in
1090 1661 1292 1711 iudicio
1332 1661 1800 1727 comparentibus,
1838 1681 1901 1713 ac
1939 1661 2194 1711 omnibus
2231 1670 2287 1719 et
2323 1658 2427 1709 sin-

411 1745 547 1810 gulis
585 1745 770 1811 sigillis
809 1746 1077 1813 appositis
1116 1757 1172 1797 et
1209 1746 1465 1813 appensis
1503 1746 1558 1797 in
1597 1747 1670 1798 eis
1710 1746 2076 1812 omnibusque
2114 1743 2426 1797 attestatio-

410 1829 589 1893 nibus,
622 1831 1035 1883 remissionibus
1069 1842 1126 1881 et
1158 1831 1502 1897 processibus
1535 1832 1591 1882 in
1624 1830 1941 1882 huiusmodi
1974 1849 2137 1884 causa
2170 1829 2227 1880 in
2259 1827 2425 1895 parti-

413 1915 511 1965 bus
539 1915 919 1973 habitisdicto
951 1918 1112 1967 Petro
1142 1916 1407 1968 cardinali
1432 1916 1720 1979 exhibitis;
1747 1927 1804 1967 et
1831 1934 1925 1983 per
1950 1916 2096 1982 ipsos
2125 1913 2427 1966 Giraudum

408 2009 465 2048 et
518 1999 807 2052 Nicolaum
858 2001 985 2052 hinc
1050 2001 1178 2051 inde
1242 2000 1535 2067 recognitis
1601 2012 1658 2051 et
1723 2002 1894 2053 etiam
1961 1998 2310 2060 confessatis;
2371 2007 2427 2047 et

410 2083 744 2150 quibusdam
779 2085 897 2137 aliis
946 2085 1328 2136 instrumentis
1362 2096 1418 2136 et
1480 2085 1678 2137 litteris
1755 2085 2050 2137 autenticis
2127 2095 2191 2134 ut
2253 2081 2425 2149 prima

407 2167 545 2219 facie
607 2171 916 2236 apparebat
977 2170 1264 2232 exhibitis3
1329 2189 1391 2222 ac
1454 2170 1650 2222 deinde
1722 2170 1950 2237 prefatis
2015 2169 2240 2220 Nicolao
2306 2183 2426 2234 pro-

408 2263 660 2305 curatore
695 2265 751 2304 et
786 2254 1028 2307 Giraudo
1063 2273 1247 2307 coram
1282 2254 1431 2305 dicto
1466 2255 1732 2307 cardinali
1763 2255 1818 2306 in
1851 2254 2052 2305 iudicio
2088 2249 2424 2312 constitutis,

406 2335 553 2387 idem
618 2340 811 2390 Petrus
875 2339 1184 2404 cardinalis,
1248 2339 1303 2391 in
1381 2339 1656 2406 presentia
1717 2340 2038 2390 eorumdem
2084 2329 2311 2389 Giraudi
2369 2344 2424 2385 et

411 2421 639 2485 Nicolai,
681 2424 1072 2477 attestationes
1112 2435 1168 2475 et
1207 2443 1491 2491 processus
1531 2424 1849 2476 huiusmodi
1867 2442 2053 2476 omnes
2092 2434 2148 2473 et
2186 2419 2422 2486 singulos

406 2507 624 2572 aperuit
654 2519 710 2557 et
741 2508 911 2560 etiam
943 2509 1250 2576 publicavit
1281 2520 1336 2558 et
1368 2527 1464 2575 pro
1497 2509 1701 2575 apertis
1734 2509 1931 2563 habuit
1961 2519 2017 2559 et
2048 2507 2217 2558 etiam
2249 2503 2421 2571 publi·

406 2591 562 2643 catis.
612 2591 690 2642 Ac
735 2593 857 2644 ilico
906 2605 1032 2660 post
1078 2594 1325 2660 predicta
1375 2594 1648 2646 Giraudus
1694 2604 1750 2644 et
1798 2594 2054 2645 Nicolaus
2102 2599 2421 2659 procurator

408 2675 627 2741 prefati,
666 2677 898 2743 quilibet
931 2678 1190 2729 videlicet
1224 2696 1322 2745 pro
1358 2688 1515 2744 parte
1550 2697 1646 2730 sua
1682 2689 1880 2745 sponte
1913 2678 1968 2730 in
2005 2695 2168 2729 causa
2241 2673 2423 2724 huius-

407 2760 558 2811 modi
592 2762 1010 2826 concluserunt3
1047 2763 1304 2829 idemque
1341 2764 1535 2813 Petrus
1571 2763 1861 2815 cardinalis
1898 2781 2022 2812 cum
2056 2761 2262 2811 eisdem
2296 2775 2417 2808 con-

407 2844 569 2895 clusit
598 2856 654 2896 et
683 2847 881 2899 habuit
911 2866 1008 2914 pro
1040 2848 1313 2900 concluso.
1350 2846 1598 2914 Denique
1628 2848 1776 2900 facta
1808 2866 1902 2914 per
1931 2846 2167 2898 eundem
2200 2846 2420 2895 Petrum

406 2930 739 2982 cardinalem
777 2932 934 2983 nobis
959 2933 1025 2982 de
1051 2931 1306 2983 omnibus
1331 2942 1388 2982 et
1411 2932 1635 2997 singulis
1661 2933 1817 2995 actis,
1843 2931 2110 2993 actitatis,
2137 2927 2340 2981 habitis
2363 2934 2418 2975 et

406 3013 688 3078 productis
728 3017 782 3068 in
825 3035 987 3069 causa
1029 3016 1346 3067 huiusmodi
1385 3036 1447 3067 ac
1487 3017 1943 3068 attestationibus
1985 3028 2039 3066 et
2080 3011 2416 3082 processibus

403 3098 456 3148 in
507 3100 701 3151 eadem
752 3120 915 3154 causa
966 3102 1147 3164 factis,
1198 3112 1316 3152 tam
1367 3120 1551 3153 coram
1601 3102 1750 3152 dicto
1800 3101 2106 3153 Bertrando
2159 3092 2418 3150 cardinali

405 3202 571 3248 quam
610 3184 779 3236 etiam
817 3204 1000 3238 coram
1037 3205 1118 3249 eo,
1157 3185 1422 3236 relatione
1462 3186 1704 3251 plenaria
1743 3197 1798 3236 et
1838 3186 2002 3248 fideli,
2053 3203 2169 3246 nos,
2209 3183 2274 3232 de
2310 3180 2412 3230 fra-

404 3277 552 3318 trum
606 3280 921 3322 nostrorum
977 3270 1219 3332 consilio,
1287 3270 1690 3322 sententialiter
1743 3282 1799 3320 et
1853 3269 2144 3321 diffinitive
2186 3282 2420 3334 pronun-

404 3351 626 3416 tiamus,
677 3355 1017 3407 decernimus
1067 3366 1122 3405 et
1171 3357 1511 3407 declaramus
1560 3374 1669 3407 non
1718 3356 1931 3407 licuisse
1980 3355 2127 3405 dicto
2163 3353 2413 3403 Menneto

404 3436 639 3488 formare
674 3440 761 3490 vel
795 3441 970 3492 facere
1007 3459 1289 3507 processus
1325 3439 1537 3506 aliquos
1573 3458 1666 3491 seu
1702 3441 1991 3507 procedere
2027 3440 2114 3490 vel
2147 3435 2413 3502 inquirere

403 3522 645 3585 potuisse
700 3535 889 3576 contra
944 3525 1156 3575 dictum
1211 3524 1515 3576 Giraudum
1566 3525 1797 3588 ratione,
1851 3526 1938 3576 vel
1990 3523 2288 3580 occasione,
2321 3533 2412 3568 seu

406 3621 570 3656 causa
621 3607 894 3658 dictorum
943 3611 1239 3661 verborum
1288 3626 1382 3675 per
1429 3609 1612 3674 ipsum
1662 3610 1966 3661 Giraudum
2016 3608 2144 3658 olim
2192 3615 2254 3655 ut
2302 3617 2414 3668 pre·

406 3688 578 3738 fertur
620 3690 674 3742 in
717 3693 909 3744 eadem
954 3694 1110 3745 Curia
1154 3711 1379 3745 romana
1425 3710 1608 3744 coram
1667 3695 1820 3747 nobis
1864 3705 1996 3746 tunc
2040 3687 2319 3749 cardinali,
2354 3693 2415 3734 ut

406 3773 766 3837 premittitur,
815 3779 1181 3843 prolatorum3
1214 3795 1391 3844 neque
1432 3777 1613 3844 ipsum
1661 3778 1979 3831 Mennetum
2026 3784 2282 3845 pretextu
2326 3785 2416 3837 po·
