2540 4354
1018 369 1233 406 unam<
1272 371 1307 404 v
2007 358 2108 411 355

69 496 81 558 {3
129 484 328 540 ordinis
358 483 594 537 fratrum
624 481 1029 549 predicatorum
1061 483 1115 533 in
1163 486 1408 549 partibus
1454 486 1833 539 Carcassonen.
1880 488 2101 555 inquisi-

128 568 235 621 tori
267 565 500 619 heretice
536 564 828 633 pravitatis
866 565 1000 615 vel..
1039 566 1153 616 eius
1189 567 1597 632 locumtenenti‚
1628 572 1877 634 salutem,
1913 581 2105 622 etc.—

75 655 91 679 ’·
130 647 244 701 Tua
283 646 456 708 nobis,
498 645 667 698 frater
706 645 974 711 episcope,
1032 664 1203 711 nuper
1243 648 1551 699 notificavit
1591 650 1817 715 epistola
1850 651 1994 716 quod
2024 669 2101 701 se-

3 758 5 761 ·
83 742 86 746 ’
130 741 280 800 ptem
313 729 455 780 viros
490 727 722 780 nefarios
757 727 824 777 de
859 727 949 778 illa
986 738 1143 792 gente
1162 729 1499 795 dampnabili
1518 750 1619 797 que
1642 734 1831 798 Magna
1864 734 2101 785 Societas

82 807 94 883 ’ί
123 813 452 883 appellatur,
499 811 592 878 qui
638 821 825 862 contra
878 809 1040 861 fidem
1087 812 1412 863 catholicam
1461 815 1741 879 presertim
1768 826 2101 882 potestatem

88 895 365 951 *clavium
406 914 438 947 a
482 894 764 946 Salvatore
808 903 992 944 nostro
1037 893 1256 944 domino
1306 896 1460 945 lhesu
1506 898 1718 947 Christo
1763 900 1922 950 beato
1943 901 2101 950 Petro

94 1024 98 1035 ,
132 979 377 1048 apostolo
401 988 458 1029 et
484 978 539 1030 in
564 977 676 1028 eius
704 994 990 1043 personam
1019 977 1125 1027 suis
1144 980 1538 1029 successoribus
1559 981 1836 1042 traditam,
1867 982 2103 1048 quedam

0 1075 3 1077 ’
84 1054 298 1133 [”Ὓοιὼα
330 1060 637 1112 hereticalia
684 1060 905 1126 pollutis
938 1060 1092 1111 labiis
1141 1063 1500 1126 protulerunt,
1549 1064 1648 1113 tibi
1695 1082 1787 1131 per
1847 1065 2105 1116 dilectum

83 1133 90 1159 ³
131 1145 309 1216 filium
367 1143 603 1196 nobilem
663 1143 841 1193 virum
903 1142 1210 1205 Arnulfum,
1286 1145 1566 1196 dominum
1639 1149 1704 1198 de
1766 1148 2105 1210 Audenham,

98 1237 104 1246 “
137 1227 510 1285 marescallum
550 1225 773 1279 Francie
811 1243 873 1278 ac
924 1226 1185 1278 carissimi
1221 1227 1276 1277 in
1314 1228 1524 1279 Christo
1565 1230 1658 1281 filii
1695 1231 1864 1282 nostri
1915 1232 2106 1292 Caroli,

120 1311 276 1379 rogis
319 1310 540 1363 Francie
582 1309 822 1371 illustris,
866 1310 1343 1372 locumtenentem,
1388 1313 1480 1377 qui
1532 1313 1747 1365 eosdem
1788 1315 1929 1367 viros
1990 1333 2110 1380 pro·

139 1407 260 1465 pter
293 1396 425 1448 alios
465 1413 652 1446 eorum
692 1410 942 1445 excessus
972 1405 1207 1460 ceperat,
1237 1396 1311 1446 eis
1345 1414 1467 1446 cum
1503 1399 1789 1450 voluntate
1814 1398 2110 1448 communi-

93 1526 114 1536 .
138 1486 319 1532 tatum
375 1477 591 1529 illarum
651 1476 891 1543 partium
950 1477 1052 1526 sub
1111 1479 1505 1542 protestatione
1565 1481 1764 1546 proprii
1822 1481 2110 1531 iuramenti

95 1561 378 1630 geiusdem
417 1559 715 1611 marescalli
752 1559 865 1609 vite
904 1558 1283 1611 incolumitate
1322 1562 1602 1627 promissa,
1642 1563 1872 1615 traditos
1910 1564 1978 1614 ad
2000 1582 2107 1613 ma-

105 1659 272 1718 gnum
309 1643 644 1711 inquisitoris
686 1642 929 1693 eiusdem
971 1643 1073 1693 sub
1119 1643 1226 1694 fida
1269 1662 1361 1710 per
1403 1655 1455 1694 te
1497 1646 1761 1709 custodia,
1802 1665 1870 1696 ex
1885 1664 1946 1696 eo
1966 1646 2109 1712 quod

38 1783 42 1786 ⁴
110 1745 301 1797 ,nuper
329 1727 570 1794 ipsorum
603 1736 891 1792 captorum
925 1725 1235 1778 dimissione
1300 1746 1390 1777 seu
1424 1729 1740 1780 liberatione
1773 1748 1936 1794 quam
1969 1730 2111 1779 idem

131 1828 141 1867 j
232 1811 484 1864 meallus
523 1828 580 1862 se
620 1810 927 1877 promisisse
968 1810 1202 1871 dicebat,
1245 1812 1433 1862 eodem
1488 1813 1887 1863 locumtenente
1942 1813 2114 1878 inqui-

116 1896 176 1943 ”’.·“ι
219 1894 323 1947 oris
352 1903 623 1947 asserente
653 1893 770 1944 illos
802 1892 904 1943 sibi
936 1892 1127 1943 debere
1161 1895 1320 1954 tradi,
1353 1896 1705 1946 retinendos
1692 1915 1747 1947 in
1778 1896 1884 1946 tuis
1915 1896 2116 1961 episco-

214 1976 355 2031 libus
386 1976 687 2029 carceribus
720 1986 869 2027 tenes
903 1976 1155 2038 inclusos,
1193 1996 1284 2043 per
1304 1989 1354 2027 te
1374 1979 1754 2030 custodiendos
1773 1978 1939 2029 donec
1958 1996 2116 2045 super

182 2091 187 2106 ι
241 2060 412 2115 missis
442 2070 627 2112 nostre
659 2059 910 2112 daremus
944 2060 1344 2127 beneplacitum
1377 2062 1694 2124 voluntatiS,
1728 2061 1871 2127 quod
1902 2081 1931 2113 a
1964 2061 2116 2111 nobis

232 2171 255 2188 ··
309 2143 482 2198 multa
522 2142 786 2196 instantia
832 2144 1141 2210 postulasti.
1190 2145 1298 2195 Nos
1341 2145 1506 2210 igitur
1558 2146 1820 2206 nolentes,
1867 2145 2005 2195 sicut
2024 2162 2118 2194 nec

155 2226 284 2293 lle
322 2226 599 2292 debemus,
643 2226 790 2293 quod
833 2237 1056 2293 propter
1098 2228 1356 2294 premissa
1398 2228 1707 2279 huiusmodi
1722 2227 1998 2293 negotium
2040 2246 2120 2278 sa-

221 2309 396 2362 fidei
429 2327 595 2377 quam
629 2309 999 2363 attentissima
1035 2329 1162 2364 cura
1198 2311 1456 2362 debemus
1492 2322 1769 2378 protegere
1803 2311 2120 2376 negligatur,

155 2342 245 2471 ‚si—d
276 2394 421 2462 quod
453 2393 520 2444 de
551 2392 732 2444 verbis
765 2393 1095 2457 huiusmodi,
1130 2413 1234 2461 que
1267 2395 1310 2445 si
1343 2413 1470 2447 vera
1505 2396 1614 2447 sint
1646 2394 1977 2460 proferentes
2010 2411 2121 2443 eos-

1 2477 6 2548 }
63 2475 67 2477 ’
178 2493 276 2535 m
309 2476 550 2529 reddunt
588 2476 940 2527 vehementer
979 2477 1045 2528 de
1087 2478 1193 2529 fide
1233 2488 1532 2545 suspectos,
1563 2476 2123 2543 diligentiusinquira-

77 2549 85 2558 ,
253 2558 612 2624 ·discretioni
645 2569 825 2611 vestre
859 2559 915 2611 in
948 2560 1154 2611 virtute
1188 2572 1375 2613 sancte
1410 2561 1716 2612 obedientie
1750 2560 1991 2610 districte
2011 2577 2123 2624 pre·

145 2641 399 2714 „fif-ndo
433 2642 759 2695 mandamus
795 2643 1055 2708 quatinus
1090 2645 1156 2695 de
1190 2645 1367 2695 verbis
1403 2644 1604 2695 eisdem
1636 2661 1705 2692 ex
1739 2652 1918 2693 vestro
1953 2641 2124 2693 officio

162 2787 167 2796 1
204 2752 227 2771 ··
271 2736 274 2739 '
307 2725 323 2740 ⁹
385 2725 608 2777 solerter
643 2725 913 2793 inquirere
951 2728 1241 2780 veritatem
1279 2738 1335 2778 et
1370 2745 1432 2779 ea
1486 2744 1590 2792 que
1640 2726 1764 2777 inde
1815 2725 2127 2776 inveneritis

170 2804 176 2815 ⁸
213 2836 217 2849 ·
250 2836 289 2851 ··
342 2810 445 2861 sub
477 2827 645 2861 manu
678 2809 894 2875 publica
931 2812 1015 2861 vel
1049 2812 1151 2862 sub
1185 2811 1377 2862 vestris
1413 2809 1595 2875 sigillis
1630 2809 1808 2860 clausa
1843 2817 1898 2858 et
1931 2807 2131 2858 nemini

152 2894 203 2964 '7
237 2917 273 2933 ³-
316 2900 395 2944 ta
431 2910 597 2960 quam
633 2891 742 2942 cito
780 2894 1063 2944 commode
1102 2894 1348 2960 poteritis
1385 2892 1655 2944 destinare
1692 2891 1886 2942 curetis
1924 2900 1985 2940 ut
2022 2909 2130 2941 ma-

185 2979 191 3009 ³
210 2983 225 2998 ’·
269 3012 273 3015 ,
308 2974 591 3041 providere
621 2975 889 3041 possimus
920 2977 1051 3042 quid
1083 2995 1176 3043 per
1205 2995 1303 3029 vos
1333 2976 1604 3041 agendum
1635 2974 1797 3024 fuerit
1826 2974 1881 3024 in
1912 2974 2128 3039 premis-

297 3056 629 3125 interimque
670 3067 751 3120 tu,
794 3058 1061 3126 episcope,
1106 3060 1247 3111 viros
1289 3059 1508 3110 eosdem
1552 3058 1704 3120 nulli,
1749 3056 2133 3121 cuiuscumque

182 3130 188 3136 ’
281 3156 343 3191 us
377 3140 599 3206 existat,
618 3158 895 3206 presumas
934 3143 1146 3194 tradere
1181 3144 1274 3193 sed
1311 3143 1427 3193 illos
1466 3151 1624 3192 caute
1661 3139 1825 3190 facias
1877 3137 2134 3188 custodiri

180 3227 334 3278 onec
371 3222 566 3274 aliuda
608 3222 764 3275 nobis
804 3226 1064 3291 receperis
1107 3227 1161 3277 in
1206 3225 1495 3277 mandatis.
1518 3251 1586 3259 —
1628 3222 1831 3273 Datum
1861 3220 2130 3282 Avinioni,

27 3374 31 3381 ‚
102 3332 106 3340 ·
195 3359 205 3366 ,
252 3302 371 3357 idus
403 3304 532 3369 iulii,
566 3323 708 3357 anno
742 3308 995 3360 secundo.

2082 3365 2141 3374 *-

179 3439 266 3493 ,1.
295 3441 408 3486 Jsan
438 3443 594 3498 Fabre,
622 3444 777 3487 cousin
804 3446 850 3488 d·
857 3446 1075 3490 Innocent
1103 3448 1182 3502 vl,
1210 3448 1324 3490 abbe
1354 3448 1408 3489 de
1437 3445 1723 3491 Grammont;
1753 3444 1920 3496 eveque
1949 3443 2011 3484 du
2027 3442 2124 3497 Puy
2133 3480 2146 3501 ,

107 3515 109 3519 ⁴
147 3506 172 3535 ’”
186 3509 288 3555 ’12
315 3512 498 3556 octobre
524 3513 657 3563 1356,
685 3515 902 3558 transiere
928 3518 955 3558 a
983 3518 1183 3570 Tortose,
1211 3517 1250 3558 le
1278 3517 1330 3558 27
1361 3515 1522 3557 ievrier
1549 3513 1682 3560 1357;
1712 3519 1759 3553 et
1784 3513 1809 3552 a
1827 3511 2144 3565 Carcassonne,

188 3578 741 3681 1'01anvier1362Gall.
762 3584 923 3639 dariae„
945 3595 976 3628 t.
1000 3602 1062 3639 vi,
1082 3588 1163 3628 col.
1185 3588 1288 3635 901;
1313 3584 1472 3635 Eubel,
1493 3583 1635 3634 Hier„
1657 3589 1688 3622 t.
1712 3594 1744 3633 1,
1764 3594 1807 3634 p.
1829 3581 1898 3633 91,
1918 3581 2017 3632 172,
2038 3582 2141 3630 231ς

319 3649 541 3707 ‚cm-m,
569 3659 603 3694 t.
633 3666 677 3706 v,
706 3667 749 3708 p.
779 3654 882 3696 454-
884 3656 980 3697 455.

189 3714 269 3759 ,2
299 3716 546 3762 wanno
577 3719 806 3763 chevalier
839 3723 1055 3778 (Μίὶἰιὶε),
1087 3726 1319 3780 originaire
1350 3725 1394 3767 d
1398 3725 1583 3776 Angers,
1620 3720 1676 3761 fit
1706 3733 1754 3760 sa
1785 3719 2029 3774 profession
2045 3722 2146 3764 reli-
