2540 4354
446 368 512 418 72
836 382 1123 415 BULLAIRE
1166 381 1240 411 DE
1286 361 1705 419 L’INQmsiTioN
1749 377 2066 420 FRANQAISE

449 519 662 551 marum
700 501 1000 549 multarum
1035 495 1326 562 pernitiem
1360 494 1728 553 redundabat,
1765 504 1991 555 sectam,
2026 493 2193 543 ritum
2242 505 2296 543 et
2344 506 2451 546 sta-

448 596 569 635 tum
637 581 954 649 hujusmodi
1021 582 1085 630 de
1154 580 1388 629 fratrum
1452 589 1766 627 nostrorum
1834 576 2054 627 consilio
2122 578 2478 629 auctoritate·

450 669 751 734 apostolica
792 665 992 716 nullius
1033 664 1196 714 fuisse
1236 674 1291 713 et
1329 680 1441 712 esse
1482 660 1822 711 decernimus
1864 660 2160 722 firmitatis,
2192 673 2246 711 et
2266 674 2452 727 quate-

449 772 550 802 nus
598 754 662 802 de
711 752 858 801 facto
906 757 1283 815 processerant
1329 747 1393 796 de
1441 745 1660 794 consilio
1707 756 1761 795 et
1806 746 2137 796 auctoritate
2183 747 2453 812 premissis

449 847 770 885 revocantes
828 833 1048 884 omnino
1107 842 1367 897 perpetue
1426 829 1782 895 prohibitioni
1853 829 2184 895 subjecimus
2254 849 2450 898 eosque

450 923 519 971 ab
573 919 809 969 Ecclesia
867 917 963 967 Dei
1014 916 1231 982 penitus
1284 914 1541 964 duximus
1591 915 1922 965 abolendos:
1973 914 2176 964 eisdem
2215 917 2452 980 personis

450 1016 504 1054 et
545 1004 662 1054 aliis
705 1003 1139 1068 quibuscumque
1182 1001 1282 1049 sub
1323 1016 1462 1064 pena
1505 998 2089 1049 excommunicationis
2145 1018 2310 1065 quam
2365 1018 2452 1052 eas

449 1089 492 1139 si
534 1107 686 1138 secus
729 1088 971 1136 facerent
1013 1085 1283 1134 incurrere
1325 1082 1598 1133 voluimus
1640 1082 1756 1148 ipso
1800 1083 1947 1133 facto
1980 1083 2326 1149 injungentes
2364 1104 2451 1136 ex·

451 1190 630 1239 presse
663 1190 728 1221 ne
762 1181 974 1221 statum
1007 1169 1118 1219 sive
1152 1179 1359 1219 sectam
1393 1179 1446 1217 et
1478 1167 2231 1237 ritum'dhujusmodiabipsis
2252 1187 2454 1219 assum-

450 1268 608 1323 ptum
657 1255 882 1305 ulterius
931 1263 1271 1304 sectarentur
1303 1254 1389 1302 vel
1423 1253 1486 1301 de
1534 1270 1678 1301 novo
1726 1252 1906 1317 ipsum
1954 1271 2225 1303 assumere
2274 1272 2454 1319 presu-

450 1352 660 1390 merent
743 1339 1151 1405 quoquomodo,
1220 1347 1384 1402 prout
1445 1336 1501 1385 in
1567 1336 1960 1386 constitutione
2041 1348 2227 1387 nostra
2296 1357 2454 1404 super

449 1427 551 1475 hoc
595 1425 743 1475 edita
789 1442 891 1490 que
933 1422 1127 1489 incipit
1168 1423 1366 1473 Sancta
1406 1439 1628 1471 romana
1667 1433 1816 1487 atque
1865 1422 2181 1472 universalis
2223 1424 2456 1474 Ecclesia

450 1510 663 1576 plenius
717 1509 1050 1558 continetur.
1107 1506 1243 1571 Quia
1296 1506 1479 1571 igitur,
1535 1505 1675 1556 sicut
1728 1506 2055 1572 accepimus,
2109 1508 2163 1557 in
2183 1508 2454 1560 nonnullis

451 1594 755 1644 cismarinis
789 1604 844 1643 et
877 1592 1250 1643 ultramarinis
1297 1591 1548 1657 partibus
1596 1591 1966 1656 prenominati
2011 1592 2264 1658 pestifere
2313 1604 2455 1643 secte

449 1679 552 1728 viri
605 1690 796 1728 contra
850 1677 1124 1744 predictos
1178 1694 1460 1742 processus
1525 1675 1708 1726 venire
1775 1687 1829 1726 et
1895 1676 2072 1727 facere
2138 1678 2452 1741 moliuntur,
2513 1731 2515 1734 Α

449 1782 565 1824 nos,
615 1764 969 1813 attendentes
1018 1763 1165 1828 quod
1213 1779 1409 1828 parum
1456 1772 1599 1811 esset
1646 1761 1989 1827 prohibuisse
2036 1763 2296 1828 premissa
2357 1762 2455 1813 nisi

450 1847 520 1897 sit
571 1848 666 1914 qui
713 1849 905 1898 eadem
938 1857 1162 1897 tueatur
1181 1857 1236 1895 et
1268 1846 1464 1911 puniat
1483 1857 1926 1910 transgressores,
1949 1846 2260 1897 discretioni
2279 1859 2454 1898 vestre

449 1933 504 1982 in
547 1933 755 1982 virtute
815 1931 1122 1982 obedientie
1182 1931 1426 1981 districte
1485 1930 1832 1996 precipiendo
1893 1933 2220 1981 mandamus
2279 1933 2454 1998 quati-

449 2036 687 2081 nus-vos
729 2028 782 2066 et
823 2016 1018 2081 singuli
1058 2027 1306 2066 nostrum
1347 2017 1415 2066 ad
1454 2015 1867 2080 requisitionem
1905 2027 2179 2066 rectorum
2220 2028 2274 2067 et
2313 2018 2453 2068 vica-

451 2102 658 2151 riorum
696 2119 789 2150 seu
826 2112 1244 2167 procuratorum
1281 2111 1336 2150 et
1372 2099 1697 2150 nunciorum
1749 2099 1881 2150 dicti
1933 2101 2133 2151 ordinis
2187 2102 2454 2152 minorum

457 2197 511 2236 et
566 2187 960 2252 cujuscumque
1013 2204 1201 2236 eorum
1268 2185 1474 2235 dictam
1542 2185 1994 2235 constitutionem
2061 2204 2156 2236 seu
2222 2187 2455 2252 prohibi·
2514 2232 2519 2238 .

450 2271 657 2320 tionem
699 2281 944 2320 nostram
988 2272 1168 2336 quoad
1212 2269 1392 2320 omnia
1437 2270 1552 2335 ejus
1610 2269 1849 2335 capitula
1908 2281 2072 2335 prout
2126 2271 2311 2336 jacent
2363 2290 2453 2322 au-

452 2355 710 2405 ctoritate
777 2365 965 2405 nostra
1026 2354 1241 2404 faciatis
1301 2373 1395 2420 per
1456 2372 1740 2404 censuram
1786 2355 2209 2405 ecclesiasticam
2254 2367 2308 2405 et
2352 2356 2451 2407 alia

450 2439 583 2504 juris
643 2439 883 2489 remedia
944 2451 1108 2505 prout
1168 2438 1421 2505 expedire
1497 2438 1743 2489 videritis
1818 2440 2185 2505 appellatione
2244 2452 2452 2492 remota

450 2524 838 2574 inviolabiliter
882 2524 1160 2574 observari
1206 2545 1215 2574 :
1262 2534 1450 2574 contra
1498 2542 1872 2589 quoscumque
1918 2524 2010 2590 qui
2052 2526 2313 2576 adversus
2333 2543 2452 2575 con-

451 2620 606 2659 tenta
640 2609 695 2658 in
731 2628 790 2659 ea
828 2610 914 2658 vel
949 2627 1136 2658 eorum
1171 2608 1394 2675 aliquod
1415 2608 1589 2658 facere
1610 2609 2043 2674 presumpserint
2063 2610 2452 2676 cujuscumque

451 2705 630 2743 status
665 2705 762 2744 aut
796 2694 1124 2744 conditionis
1173 2693 1460 2743 extiterint
1506 2695 1575 2743 ad
1625 2711 1791 2758 penas
1840 2694 2053 2744 debitas
2103 2696 2452 2759 procedentes

450 2778 609 2843 juxta
665 2778 954 2829 canonicas
994 2778 1302 2828 sanctiones
1343 2798 1353 2827 :
1395 2777 1824 2828 contradictores
1865 2797 1958 2844 per
1997 2797 2280 2829 censuram
2333 2798 2453 2830 ean-

452 2865 575 2912 dem
639 2863 967 2929 apellatione
1046 2863 1354 2929 postposita
1419 2865 1831 2929 compescendo,
1896 2863 2152 2913 invocato
2216 2866 2285 2914 ad
2356 2865 2453 2913 hoc

452 2947 493 2996 si
546 2966 680 3012 opus
718 2948 880 2997 suerit
948 2947 1150 2998 auxilio
1188 2947 1395 2997 brachii
1432 2947 1701 2998 secularis.
1743 2949 1864 2998 Non
1903 2948 2251 2998 obstantibus
2287 2951 2451 3013 [etc.].

455 3033 718 3082 Volumus
752 3032 973 3098 insuper
1008 3034 1153 3097 quod
1188 3051 1216 3082 a
1253 3033 1384 3083 data
1419 3032 1755 3098 presentium
1790 3032 1860 3082 sit
1892 3033 2048 3083 vobis
2083 3044 2137 3082 et
2164 3033 2451 3098 unicuique

451 3127 699 3166 vestrum
744 3116 798 3166 in
847 3117 1120 3182 premissis
1168 3117 1420 3167 omnibus
1482 3127 1536 3166 et
1596 3135 1783 3166 eorum
1843 3117 2065 3183 singulis
2126 3128 2450 3184 perpetuata

452 3211 701 3264 potestas
735 3212 790 3250 et
821 3201 1127 3266 jurisdictio
1162 3202 1434 3251 attributa
1468 3212 1530 3250 ut
1563 3219 1623 3251 eo
1643 3201 1826 3266 vigore
1847 3221 2017 3268 eaque
2041 3203 2302 3254 firmitate
2334 3220 2450 3268 pos-

452 3283 570 3334 sitis
615 3285 668 3334 in
714 3286 988 3350 premissis
1033 3286 1286 3335 omnibus
1330 3287 1619 3351 procedere
1664 3304 1726 3335 ac
1770 3285 1813 3336 si
1857 3286 2102 3352 predicta
2162 3287 2342 3337 omnia
2398 3296 2451 3335 et

451 3368 658 3431 singula
696 3388 877 3420 coram
911 3369 1066 3420 vobis
1101 3381 1259 3435 cepta
1294 3370 1525 3420 fuissent
1558 3381 1613 3420 et
1645 3370 1950 3436 jurisdictio
1986 3383 2167 3422 vestra
2203 3382 2256 3421 et
2276 3371 2449 3436 cujus·

450 3452 581 3501 libet
621 3446 866 3504 vestrum
905 3455 959 3503 in
1000 3454 1271 3520 premissis
1313 3454 1565 3504 omnibus
1605 3465 1659 3503 et
1713 3454 1934 3520 singulis
1990 3475 2082 3521 per
2135 3455 2449 3506 citationem

451 3538 533 3584 vol
572 3539 794 3588 modum
831 3539 997 3588 alium
1034 3550 1360 3604 perpetuata
1396 3538 1701 3602 legitimum
1750 3539 2023 3588 extitisset
2059 3539 2447 3589 constitutione

451 3621 693 3684 qualibet
729 3623 999 3673 contraria
1037 3642 1145 3672 non
1182 3625 1455 3672 obstante.
1491 3657 1557 3662 -—
1625 3624 1829 3672 Datum
1882 3623 2155 3684 Avinioni,
2210 3622 2446 3673 kalendis

449 3706 685 3769 augusti,
722 3727 863 3757 anno
898 3719 1069 3758 sexto,
