2540 4354
463 371 568 422 300
853 387 1141 422 nunaunt.
1194 386 1265 419 nr:
1312 368 1730 429 L’momsrrion
1786 388 2105 432 rnAncmsz

464 505 539 555 Ils
571 515 658 555 ont
689 507 760 554 έιὲ
791 503 1175 555 excommunie's
1208 515 1252 554 et
1283 504 1404 555 cite's
1436 522 1535 569 par
1567 503 1662 563 lui,
1697 514 1740 553 et
1773 503 1941 554 Αἰαίη
1975 505 2209 566 Bourret,
2245 507 2335 572 qui
2354 508 2472 560 s'est

464 592 696 655 pre'sente'
729 608 792 639 en
826 590 936 638 leur
971 607 1108 650 nom,
1145 607 1177 637 a
1214 591 1280 639 ete
1317 589 1415 638 mis
1448 608 1512 638 en
1545 589 1780 639 demeare
1813 589 1871 638 de
1905 590 2179 640 de'bourser
2212 592 2264 641 la
2279 611 2471 643 somme

465 676 524 724 de
556 674 793 724 soixante
827 673 979 722 liores
1013 693 1148 739 pour
1182 673 1382 724 obtenir
1415 675 1467 723 la
1498 674 1790 723 revocation
1821 673 1907 723 des
1940 692 2195 726 censure&
2233 676 2303 726 Le
2335 695 2471 743 pape

463 760 691 809 ordonne
733 776 832 807 une
873 757 1235 823 information.
1279 759 1375 807 Les
1415 776 1634 807 sommes
1674 761 1964 824 extorquees
2003 770 2172 810 seront
2210 761 2471 812 restituees

467 841 928 904 irremediatemen&
977 842 1046 891 les
1098 841 1436 907 fidejus-seam
1483 852 1654 892 ser-ont
1701 842 1892 892 absous
1940 842 2000 892 de
2047 842 2183 892 leurs
2231 863 2469 895 censat-es

462 939 506 977 et
559 926 787 976 Arnaud
842 925 1145 976 Mandavin
1197 927 1352 976 deora
1403 929 1766 992 comparaitre,
1821 937 1979 976 avant
2031 939 2282 993 quarante
2307 928 2469 993 jour-5,

458 1012 643 1062 devant
674 1012 717 1061 le
747 1029 900 1076 pape.
935 1042 1005 1048 -—
1035 1011 1305 1076 Avignon,
1354 1012 1418 1061 24
1449 1010 1568 1076 juin
1601 1011 1752 1062 1344.

807 1145 911 1198 Reg.
938 1144 1093 1198 Auen„
1120 1153 1153 1187 t.
1182 1159 1363 1198 Lxxvn,
1390 1145 1464 1187 fol.
1494 1147 1574 1187 265
1603 1153 1668 1199 v0,
1696 1162 1738 1188 n.
1768 1162 1911 1189 Lxxx.

538 1269 668 1319 Ven.
722 1268 878 1318 fratri
977 1266 995 1298 ¹
1027 1269 1280 1334 episcopo
1334 1269 1751 1335 Petragoricen.‚
1803 1271 2053 1321 salutem.
2089 1300 2157 1306 —
2187 1273 2470 1336 Querelam

468 1352 627 1404 Alani
660 1353 887 1402 Borrelli
923 1353 988 1402 de
1027 1352 1279 1403 Exidolio
1316 1352 1353 1415 2,
1375 1354 1654 1418 quondam
1689 1354 2202 1406 GuillelmiBorrelli
2218 1356 2352 1418 nati,
2373 1357 2469 1405 cle-

457 1436 553 1488 rici
602 1437 997 1503 Petragoricen.
1049 1437 1292 1500 diocesis,
1340 1438 1643 1503 recepimus
1704 1439 2077 1490 continentem
2139 1441 2284 1505 quod
2347 1459 2466 1491 cum

464 1522 694 1572 dilectus
732 1522 872 1572 filius
907 1522 1179 1573 Arnaldus
1216 1522 1536 1573 Mandavini
1562 1523 1596 1584 3,
1633 1523 1834 1573 ordinis
1869 1524 2292 1589 predicatorum,
2328 1544 2468 1575 nunc

462 1625 516 1657 se
558 1606 959 1674 inquisitorem,
1004 1607 1133 1657 olim
1173 1626 1301 1658 vero
1343 1626 1397 1657 se
1474 1608 1960 1670 locumtenentem,
2039 1626 2134 1658 seu
2212 1609 2470 1660 vicarium

462 1692 647 1742 dilecti
695 1692 790 1742 filii
836 1692 1104 1743 Johannis
1151 1691 1378 1742 Aufredi
1402 1694 1438 1753 4,
1485 1691 1728 1742 eiusdem
1773 1693 1992 1755 ordinis,
2038 1693 2469 1760 tuncinquisito·

462 1777 534 1827 ris
567 1776 861 1842 pravitatis
893 1776 1138 1827 eiusdem
1169 1777 1225 1828 in
1257 1777 1459 1827 diocesi
1491 1778 1756 1843 predicta,
1789 1796 2052 1840 asserens,
2086 1778 2296 1828 dictum
2330 1778 2470 1828 Guil-

465 1862 709 1923 lelmum,
742 1871 959 1927 patrem
990 1861 1160 1928 ipsius
1194 1861 1372 1924 Alani,
1407 1873 1540 1912 tunc
1574 1862 1873 1923 viventem,
1907 1873 2119 1914 ‘teneret
2136 1873 2190 1912 et
2207 1862 2470 1914 tenuisset

463 1965 558 2013 per
604 1957 843 2013 quatuor
886 1948 974 1997 vel
1020 1947 1263 2014 quinque
1310 1965 1519 1998 menses
1566 1947 1621 1997 in
1665 1948 1896 1998 vinculis
1943 1948 2126 1998 ferreis
2170 1948 2469 1999 carceribus

461 2031 858 2098 mancipatum,
898 2032 1077 2083 minus
1115 2050 1239 2082 vere
1276 2033 1605 2098 pretendens
1643 2033 1854 2083 dictum
1895 2033 2244 2083 Guillelmum
2280 2034 2469 2083 verbo-

459 2126 619 2167 tenus
649 2117 736 2166 vel
764 2117 896 2168 alias
926 2117 982 2168 in
1014 2117 1119 2167 fide
1149 2117 1417 2167 catholica
1447 2117 1727 2179 erravisse,
1758 2118 1903 2167 idem
1935 2118 2206 2169 Arnaldus
2237 2135 2330 2183 per
2357 2116 2466 2168 vim

459 2212 515 2251 et
551 2211 761 2252 metum
800 2202 893 2268 qui
928 2203 1119 2252 cadere
1155 2212 1414 2268 poterant
1448 2203 1503 2252 in
1540 2213 1905 2265 constantem,
1943 2222 2037 2253 seu
2071 2203 2222 2265 alias,
2259 2202 2464 2253 dictum

460 2286 810 2336 Guillelmum
853 2288 921 2338 ad
965 2287 1322 2352 obligandum
1364 2306 1418 2337 se
1459 2305 1584 2352 erga
1631 2287 1929 2338 Ricardum
1972 2288 2183 2353 Anglici
2223 2298 2278 2337 et
2321 2287 2461 2338 Guil-

455 2371 679 2422 lelmum
723 2371 1012 2434 Pictavini‚
1065 2371 1231 2423 laicos
1279 2371 1335 2422 in
1394 2372 1706 2437 Engolisma
1751 2383 2171 2436 commorantes,
2204 2372 2464 2439 compulit

457 2456 852 2518 fraudulenter,
889 2466 951 2506 ut
985 2457 1039 2507 in
1074 2474 1261 2516 eorum
1296 2458 1538 2524 personis
1574 2459 1641 2508 ad
1678 2457 1761 2508 sui
1795 2459 2148 2508 commodum
2182 2458 2460 2524 sexaginta

453 2541 617 2593 libras
649 2552 866 2592 monete
896 2542 1162 2593 currentis
1190 2554 1599 2608 recognosceret
1630 2543 1806 2593 minus
1838 2561 1962 2592 vere
1991 2561 2059 2592 ex
2086 2561 2214 2593 vero
2242 2553 2298 2594 et
2326 2559 2455 2610 puro

456 2636 650 2677 mutuo
688 2645 742 2677 se
781 2627 1002 2690 debere,
1041 2626 1187 2677 dicto
1227 2637 1416 2678 tamen
1456 2627 1750 2679 Guillermo
1789 2627 1928 2678 infra
1968 2628 2194 2679 domum
2232 2628 2459 2678 fratrum

457 2711 867 2778 predicatorum
929 2712 1297 2778 Engolismen.
1360 2723 1493 2762 tunc
1553 2723 1824 2764 arrestato
1906 2723 2190 2774 manente;
2263 2712 2462 2763 addens

456 2807 514 2845 et
551 2797 879 2848 conveniens
915 2797 1065 2848 idem
1104 2798 1377 2848 Arnaldus
1416 2798 1561 2863 quod
1599 2796 1800 2863 prefati
1839 2796 2105 2847 Ricardus
2141 2807 2196 2847 et
2246 2795 2461 2847 Guiller-

459 2901 577 2932 mus
607 2882 802 2932 darent
831 2894 885 2932 et
914 2883 1169 2932 cederent
1197 2882 1419 2948 pietatis
1448 2882 1656 2932 intuitu
1685 2881 1850 2947 priori
1876 2892 1931 2931 et
1972 2881 2233 2932 fratribus
2274 2881 2460 2931 domus

458 2966 867 3032 predicatorum
900 2966 1266 3032 Engolismen.
1312 2966 1562 3016 debitum
1605 2966 2008 3032 supradictum,
2053 2966 2207 3032 cujus
2276 2965 2461 3016 domus

460 3051 603 3101 idem
639 3051 911 3102 Arnaldus
953 3062 1082 3102 tunc
1112 3052 1375 3118 temporis
1407 3052 1552 3118 prior
1581 3062 1725 3114 erat3
1758 3053 1822 3102 de
1855 3070 1962 3117 qua
1997 3051 2223 3118 pecunie
2255 3067 2459 3101 summa

452 3136 570 3201 ipse
610 3136 901 3198 Arnaldus,
940 3137 1026 3186 vel
1061 3136 1200 3187 alius
1236 3137 1350 3187 eius
1386 3137 1625 3199 nomine,
1662 3137 1955 3203 inquisitor
1989 3155 2135 3187 nunc
2171 3146 2233 3186 ut
2268 3134 2460 3185 dicitur

457 3220 600 3269 dicte
648 3222 959 3286 pravitatis,
1007 3240 1036 3272 a
1085 3221 1231 3271 dicto
1280 3221 1454 3273 Alano
1501 3222 1901 3288 vigintinovem
1947 3221 2110 3271 libras
2142 3230 2197 3270 et
2232 3217 2456 3285 amplius

454 3304 598 3355 dicte
643 3317 860 3357 monete
903 3306 1098 3357 habuit
1141 3318 1195 3356 et
1236 3307 1459 3373 recepit,
1505 3307 1757 3373 quamvis
1802 3317 1863 3355 ut
1907 3306 2176 3372 prefertur
2209 3314 2454 3354 mutuum

455 3390 763 3456 predictum
797 3390 1008 3442 factum
1042 3409 1135 3441 seu
1170 3402 1517 3443 contractum
1551 3391 1774 3442 minime
1807 3390 2107 3452 extitisset3
2175 3390 2460 3453 dictusque

456 3475 727 3526 Arnaldus
771 3486 904 3526 tunc
946 3475 1180 3527 vicarius
1225 3477 1399 3542 coegit
1442 3476 1719 3543 prefatum
1764 3476 2133 3537 Guillelmum,
2165 3484 2455 3539 antequam

455 3561 635 3628 ipsum
692 3580 719 3610 a
777 3561 924 3611 dicto
980 3571 1187 3612 arresto
1244 3561 1566 3622 dimitteret,
1609 3562 1754 3627 quod
1811 3572 2050 3627 quatuor
2106 3559 2452 3616 fideiussores,

459 3663 693 3710 quorum
731 3665 869 3698 unus
907 3645 1015 3696 fuit
1052 3646 1332 3713 predictus
1369 3645 1593 3707 Alanus,
1633 3646 1726 3711 qui
1763 3656 1894 3696 tunc
1932 3646 2177 3696 nondum
2212 3638 2454 3694 duodeci·

461 3746 611 3779 mum
646 3729 810 3780 etatis
850 3748 941 3780 sue
977 3750 1184 3781 annum
1221 3732 1612 3798 compleverat,
1650 3731 1823 3791 daret,
1862 3747 1996 3797 quos
2033 3730 2162 3780 fecit
2195 3729 2295 3778 sub
2312 3722 2454 3792 penis

459 3812 718 3875 gravibus
749 3814 1005 3880 obligare,
1038 3814 1295 3866 videlicet
1325 3815 1471 3881 quod
1504 3814 1706 3866 totiens
1734 3824 1790 3864 ct
1833 3814 2290 3881 quandocumque
2330 3804 2455 3859 dieti
