2540 4354
444 386 545 447 '178
836 410 1125 447 BULLMRB
1167 412 1243 444 DE
1286 389 1701 455 L’1NQu1si’r10N
1746 405 2068 455 FRANcAtsE

437 526 604 570 ordinis
623 527 787 581 praed„
809 541 852 582 p.
876 528 973 569 333.
999 526 1063 568 Cf.
1089 525 1140 568 E.
1180 526 1308 580 Albe,
1347 526 1518 568 Autom-
1554 527 1605 567 de
1643 526 1759 567 Jean
1795 525 1961 578 XXII,
2001 526 2114 567 dans
2151 524 2346 567 Annales
2381 527 2429 567 cle

441 597 1071 650 Saint-Louis-des-Francais,
1095 596 1243 650 juillet
1267 597 1394 650 1902,
1419 610 1462 651 p.
1489 597 1590 649 366,
1614 597 1714 650 396,
1739 604 1858 637 note.

501 668 540 707 2.
574 667 695 721 Voir,
719 681 796 708 sur
817 680 888 708 ces
910 666 1077 721 peines,
1101 681 1144 707 n.
1170 667 1241 718 68,
1265 673 1370 707 note
1394 667 1440 715 23
1468 665 1798 718 Introduction,
1823 681 1866 722 p.
1892 679 2034 709 van.

1196 1056 1274 1066 —
1313 1021 1574 1081 116-117
1614 1056 1690 1063 —

516 1186 655 1236 Jean
680 1186 866 1237 XXII
891 1187 1144 1236 demanda
1170 1205 1278 1236 aux
1302 1190 1511 1252 deeque-s
1538 1186 1598 1236 de
1623 1185 1866 1235 Pamiers
1892 1197 1936 1236 et
1961 1186 2021 1236 de
2064 1185 2336 1251 Mirepoix
2376 1204 2447 1236 un

443 1282 660 1336 rapport
695 1290 787 1321 sur
822 1272 893 1321 les
928 1275 1141 1337 progres
1178 1282 1222 1320 et
1258 1271 1328 1321 les
1365 1271 1605 1320 re'sultats
1641 1270 1701 1320 de
1737 1269 2107 1336 l'Inquisition
2143 1270 2277 1320 dans
2312 1270 2446 1320 leurs

440 1355 679 1406 dioceses.
714 1384 783 1391 —
813 1355 1085 1421 Avignon,
1119 1355 1181 1405 21
1218 1356 1438 1405 octobre
1474 1354 1624 1406 1331.

780 1488 886 1542 Reg.
918 1489 1032 1542 Vat„
1059 1496 1093 1530 t.
1123 1503 1249 1542 cxv1,
1276 1503 1318 1531 n.
1348 1489 1475 1542 1071,
1501 1489 1627 1531 1072.

513 1617 798 1668 Dominico
840 1618 876 1681 ¹,
921 1618 1175 1684 episcopo
1219 1616 1636 1684 Appamiarum.
1681 1647 1749 1653 —
1793 1618 1868 1667 De
1913 1627 2065 1669 statu
2106 1617 2444 1683 negotiorum

443 1702 570 1752 fidei
600 1713 823 1753 tuarum
856 1703 1097 1753 civitatis
1129 1713 1184 1752 et
1215 1702 1441 1753 diocesis
1474 1703 1720 1752 volentes
1751 1702 1891 1752 effici
1937 1702 2208 1764 certiores,
2256 1701 2441 1752 frater·

440 1787 604 1836 nitati
643 1798 736 1836 tue
777 1787 1114 1853 presentium
1153 1797 1341 1837 tenore
1383 1788 1709 1837 mandamus
1751 1787 2011 1853 quatinus
2052 1786 2106 1836 in
2148 1804 2254 1851 quo
2294 1795 2440 1837 statu

439 1889 585 1920 nunc
623 1883 752 1921 sunt
790 1872 981 1922 eadem
1019 1871 1237 1937 negotia
1277 1883 1331 1921 et
1370 1890 1473 1937 que
1513 1872 1776 1922 notabilia
1818 1872 1956 1922 circa
1995 1872 2083 1921 illa
2125 1881 2275 1936 gesta
2312 1880 2438 1920 sunt

439 1966 736 2020 postquam
777 1956 1026 2021 regimini
1068 1956 1285 2006 ecclesie
1329 1956 1581 2022 profuisti
1623 1956 1778 2006 nobis
1823 1955 2150 2021 quantocius
2192 1954 2440 2005 intimare

443 2039 675 2089 fideliter
721 2058 831 2090 non
879 2051 1197 2106 postponaS.
1249 2069 1318 2076 —-
1368 2041 1575 2091 Datum
1626 2060 1751 2090 vl111
1803 2040 2064 2091 kalendas
2114 2038 2439 2100 novembris,

441 2137 583 2174 anno
626 2125 802 2175 XVI⁰.

515 2288 675 2337 Petro
706 2287 742 2351 2,
774 2288 1027 2355 episcopo
1061 2288 1400 2355 Mirapiscen.
1434 2318 1502 2325 —
1532 2290 1787 2340 Volentes
1818 2290 1884 2340 de
1914 2299 2067 2340 statu
2096 2274 2460 2354 negociorum·

441 2370 567 2421 fidei
598 2382 715 2422 tam
746 2382 970 2422 tuarum
1003 2392 1170 2439 quam
1202 2374 1507 2424 vicinarum
1541 2372 1834 2426 civitatum
1866 2385 1921 2424 et
1954 2373 2230 2424 diocesum
2249 2373 2442 2424 habere

437 2455 699 2506 noticiam
724 2457 1039 2522 pleniorem,
1065 2458 1403 2509 fraternitati
1425 2470 1519 2508 tue
1544 2459 1882 2525 presentium
1905 2470 2092 2508 tenore
2118 2459 2438 2509 mandamus

438 2540 698 2605 quatinus
730 2542 794 2591 de
825 2553 976 2592 statu
1007 2542 1321 2593 huiusmodi
1350 2554 1404 2592 et
1434 2562 1621 2594 eorum
1653 2544 2078 2594 circumstantiis
2109 2542 2438 2593 notabilibus

437 2643 533 2674 nos
571 2625 776 2675 efficere
817 2626 1049 2677 fideliter
1084 2637 1139 2677 et
1176 2628 1418 2678 celeriter
1453 2629 1676 2679 studeas
1714 2629 1983 2679 certiores.
2008 2629 2260 2678 Ceterum
2279 2645 2436 2693 super

438 2709 608 2759 certis*
633 2710 956 2774 defectibus,
995 2731 1129 2778 quos
1165 2712 1220 2763 in
1257 2713 1589 2779 quibusdam
1626 2713 1965 2779 processibus
2002 2713 2161 2763 factis
2197 2730 2291 2780 per
2324 2729 2436 2778 pre-

437 2794 740 2845 decessores
769 2806 894 2846 tuos
923 2797 1186 2848 adversus
1216 2797 1426 2864 aliquos
1457 2797 1723 2848 hereticos
1751 2797 1970 2864 reperis,
2000 2816 2097 2848 nos
2128 2796 2258 2863 quid
2287 2807 2438 2862 agere

436 2878 634 2929 debeas
685 2880 904 2930 duxeris
954 2882 1331 2945 consulendos,
1381 2883 1637 2933 volumus
1686 2883 1834 2949 quod
1883 2892 2073 2933 eontra
2136 2882 2286 2943 alios,
2331 2879 2431 2930 illis

436 2963 646 3013 omissis
691 2965 758 3014 ad
803 2983 1021 3030 presens
1065 2985 1226 3032 super
1269 2966 1468 3032 quibus
1511 2967 1758 3017 nondum
1802 2967 1958 3033 plene
2001 2965 2436 3026 deliberavimus,

436 3066 588 3097 cures
618 3049 906 3114 procedere
932 3048 1150 3101 iusticia
1181 3051 1475 3102 mediante.
1506 3081 1575 3087 --
1603 3052 1811 3102 Datum
1841 3062 1902 3101 ut
1930 3070 2110 3117 supra.

491 3244 530 3285 1.
566 3245 836 3300 Dominique
865 3246 1037 3297 Grima;
1069 3247 1166 3288 voir
1194 3263 1237 3290 n.
1269 3250 1338 3302 82,
1367 3258 1472 3291 note
1501 3251 1540 3292 1.
1888 3295 1891 3297 ,

497 3316 536 3356 2.
588 3316 732 3357 Pierre
779 3318 834 3358 de
882 3318 1206 3372 Lapeyrarede,
1254 3320 1540 3374 dominicain,
1586 3321 1747 3362 maitre
1795 3335 1849 3362 en
1897 3319 2136 3373 theologie3
2184 3319 2366 3362 succede
2409 3317 2435 3358 ὲ

432 3383 626 3439 Jacques
657 3386 871 3428 Fournier
898 3403 973 3430 sur
1000 3389 1051 3430 le·
1083 3389 1199 3442 siege
1243 3390 1298 3430 de
1342 3390 1575 3445 MirepoiX,
1603 3392 1643 3433 le
1686 3392 1741 3433 19
1770 3391 2003 3432 decembre
2048 3392 2180 3439 1327;
2226 3395 2370 3431 meurt
2394 3387 2432 3428 le

432 3455 485 3495 19
506 3458 617 3498 aofit
634 3458 760 3498 1348.
783 3459 1024 3512 Raynaldi,
1045 3475 1118 3501 an.
1140 3461 1268 3513 1327,
1288 3476 1330 3501 n.
1353 3462 1426 3510 55;
1455 3461 1564 3502 Gall.
1586 3462 1747 3514 christ„
1767 3469 1800 3503 t.
1822 3476 1927 3514 xm,
1948 3462 2028 3502 col.
2051 3462 2230 3510 269-703
2253 3458 2432 3508 Denisse,

434 3521 596 3579 'Char-L,
618 3534 651 3568 t.
674 3541 725 3581 11,
746 3543 788 3569 n.
811 3530 914 3578 8503
935 3529 1097 3571 Archiv
1114 3530 1188 3583 Ιᾶν
1206 3530 1453 3584 Litteratur,
1472 3546 1516 3586 p.
1538 3531 1639 3584 219,
1660 3547 1702 3572 n.
1725 3532 1800 3580 81;
1825 3531 1981 3584 Eubel,
2001 3531 2142 3584 Hier„
2163 3539 2195 3572 t.
2218 3544 2249 3583 1,
2269 3544 2310 3584 p.
2331 3527 2430 3575 3603

436 3595 484 3635 Ε.
525 3597 652 3650 Albe,
690 3598 862 3640 Autour
898 3601 948 3642 de
986 3601 1101 3642 Jean
1137 3601 1304 3655 XXII,
1343 3602 1455 3643 dans
1492 3602 1689 3643 Annales
1725 3602 1775 3643 de
1812 3596 2433 3648 saint-Louis-des-Franpais,

431 3665 605 3717 janvier
633 3669 760 3721 1903,
791 3684 833 3723 p.
865 3671 1066 3712 188-189.

1190 3842 1436 3852 βψω·
1445 3845 1465 3850 -ν
1480 3845 1664 3853 --———-—.—
