2540 4354
434 362 503 413 34
822 379 1111 414 BULLAmE
1147 379 1222 410 DE
1257 359 1674 419 L’INQUISI'HON
1721 374 2041 418 FRANQAISE

1290 588 1598 654 —14—

512 760 921 822 Jeaffl'Fer-rier,
971 761 1098 810 clerc
1143 759 1202 808 de
1251 756 1555 817 Narbonne,
1605 773 1833 805 reconna
1880 754 2122 805 innocent
2167 755 2240 805 du
2285 755 2442 806 crime

438 827 686 898 cl’here'sie
723 846 856 896 dans
897 862 970 894 un
1006 842 1231 909 premier
1268 845 1461 907 proce3‚
1502 857 1536 889 a
1572 841 1644 889 e'te
1681 843 1984 889 recemment
2036 838 2295 889 incarcere
2345 857 2442 905 par

438 932 491 982 la
521 931 662 981 curie
693 927 1152 994 archiepiscopale,
1186 941 1312 976 sans
1343 941 1438 991 que
1469 925 1512 974 le
1547 923 1694 988 motis
1723 924 1783 973 de
1813 934 1932 974 cette
1965 941 2162 973 mesure
2192 923 2292 973 soit
2326 922 2442 974 bien

437 1015 583 1066 elair.
613 1015 683 1064 Le
707 1030 845 1080 pape
869 1012 1073 1078 appelle
1099 1020 1218 1061 cette
1242 1026 1396 1060 cause
1421 1012 1453 1057 ἀ
1477 1026 1574 1058 son
1597 1008 1834 1058 tribunal
1858 1018 1902 1058 et
1926 1009 2153 1058 ordonne
2177 1011 2209 1058 ὰ
2234 1007 2442 1058 l’arche·

439 1103 592 1165 oeque
623 1099 683 1148 de
715 1098 838 1148 citer
867 1114 964 1146 son
995 1093 1298 1161 prisonnier
1329 1104 1374 1143 el
1405 1092 1464 1143 de
1496 1093 1540 1142 le
1567 1093 1801 1143 'de'livrer
1847 1093 1906 1142 de
1950 1109 2030 1142 ses
2077 1093 2306 1154 chaines,
2354 1091 2441 1143 s’il

439 1183 529 1248 n’y
564 1198 597 1231 a
631 1197 808 1232 aucun
842 1179 1080 1241 obstacle,
1118 1178 1277 1228 sinon
1312 1178 1371 1227 de
1407 1178 1450 1227 le
1484 1177 1619 1243 faire
1654 1177 1919 1247 conduire-
1950 1180 1982 1226 ὰ
2033 1176 2285 1241 Avignon
2319 1193 2439 1228 sous

440 1267 605 1317 bonne
639 1276 839 1316 escorte.
877 1292 946 1300 --
980 1263 1251 1328 Avignon,
1290 1262 1351 1312 21
1389 1260 1507 1327 juin
1547 1261 1908 1330 [1317-1320].

786 1428 893 1481 Reg.
931 1426 1045 1479 Val„
1079 1434 1112 1468 t.
1148 1438 1243 1478 c1x,
1275 1424 1351 1466 fol.
1387 1425 1471 1466 146
1521 1429 1587 1477 νο,
1620 1439 1664 1465 n.
1699 1424 1804 1474 5943
1839 1430 1873 1465 t.
1908 1439 1985 1479 cx,
2019 1432 2136 1479 part.
2171 1424 2212 1478 2,
2238 1425 2316 1467 fol.
2369 1426 2440 1479 56,

734 1514 777 1541 n.
805 1499 910 1548 2703
938 1497 1124 1550 Coulon,
1149 1511 1218 1550 op.
1247 1496 1333 1548 cit„
1359 1511 1402 1536 n.
1429 1495 1541 1536 1108
1572 1494 1740 1549 (anal.).

513 1647 823 1700 Venerabili
859 1646 1017 1696 fratri
1053 1647 1134 1698 B..
1173 1644 1210 1708 ¹,
1251 1643 1658 1711 archiepiscopo
1716 1643 2028 1697 Narbonen.
2083 1676 2151 1683 —
2202 1643 2286 1697 Ad
2352 1666 2444 1699 no-

437 1745 614 1785 strum
635 1731 886 1799 pervenit
923 1730 1177 1782 auditum
1216 1729 1362 1795 quod
1399 1728 1525 1778 licet
1558 1726 1786 1779 dilectus
1828 1728 1968 1780 filius
2007 1728 2286 1782 ,Iohannes
2327 1729 2446 1782 Fer-

437 1816 577 1879 rcrii,
599 1815 820 1867 clericus
867 1827 960 1866 tue
1008 1813 1253 1875 diocesis,
1302 1813 1514 1880 pridem
1561 1832 1722 1880 super
1769 1812 2101 1879 quibusdam
2161 1813 2444 1882 negocium

437 1901 795 1967 tangentibus
834 1899 961 1950 fidei
995 1918 1090 1965 per
1123 1909 1280 1948 tuam
1317 1896 1523 1947 curiam
1558 1894 1870 1963 inquisitus,
1895 1896 2172 1962 innocens,
2203 1898 2373 1951 fidelis
2392 1912 2445 1952 et
2506 1907 2507 1910 ’

439 1986 739 2037 catholicus
770 1995 1018 2051 repertus
1050 1982 1314 2045 extiterit,
1346 2001 1521 2049 nuper
1551 1993 1738 2033 tamen
1771 2002 1864 2049 per
1894 1985 2125 2034 eandem
2158 1983 2363 2035 curiam
2381 2004 2446 2035 ex
2524 2051 2526 2053 ‚

439 2071 632 2120 eadem
674 2087 838 2119 causa
881 2069 966 2118 vel
1007 2067 1239 2118 forsitan
1280 2066 1384 2117 alia
1427 2078 1620 2133 captus
1662 2065 1768 2117 fuit
1808 2078 1863 2117 et
1903 2069 2084 2118 adhuc
2136 2065 2191 2118 in
2237 2087 2444 2120 carcere

438 2154 735 2206 detinetur.
784 2155 893 2204 Nos
939 2151 1105 2218 igitur
1151 2162 1298 2202 certa
1345 2152 1409 2201 de
1457 2170 1618 2202 causa
1647 2150 1926 2218 prefatum
1966 2150 2219 2203 clericum
2247 2155 2442 2204 habere

438 2249 747 2305 presentem
784 2256 997 2287 necnon
1036 2237 1100 2286 de
1140 2235 1382 2287 articulis
1420 2254 1582 2302 super
1607 2236 1804 2302 quibus
1832 2234 2201 2303 interrogatus
2240 2249 2301 2288 ut
2330 2257 2444 2305 pre-

439 2323 686 2373 mictitur
730 2341 824 2388 per
867 2333 1024 2372 tuam
1069 2321 1275 2372 curiam
1319 2321 1524 2382 extitit,
1571 2339 1632 2370 ac
1677 2321 1741 2370 de
1784 2321 2134 2387 responsione
2179 2320 2309 2374 data
2353 2341 2444 2389 per
2523 2386 2526 2387 ⁷

438 2426 564 2457 cum
605 2408 674 2457 ad
715 2407 850 2468 illos,
891 2425 1104 2457 necnon
1145 2407 1208 2456 de
1253 2425 1415 2456 causa
1455 2424 1595 2455 nove
1636 2406 1967 2457 detentionis
2007 2407 2243 2473 plenarie
2283 2407 2443 2458 infor-

439 2483 577 2542 mari
621 2491 888 2554 volentes,
936 2486 1275 2542 fraternitati
1319 2500 1479 2540 tue...
1532 2489 1859 2541 mandamus
1894 2488 2157 2556 quatinus
2191 2489 2442 2542 clericum

437 2575 655 2642 iipsum,
696 2575 739 2626 si
776 2594 886 2626 non
925 2575 1102 2626 subsit
1140 2594 1303 2626 causa
1343 2593 1509 2641 quare
1549 2575 1748 2626 debeat
1773 2576 2019 2638 detineri,
2041 2577 2232 2627 statim
2250 2575 2443 2627 restitu

439 2660 608 2711 facias
654 2659 881 2727 pristine
926 2659 1188 2722 libertati,
1235 2659 1586 2726 injuncturus
1632 2659 1808 2710 cidem
1832 2670 1894 2710 ut
1935 2669 2080 2711 certo
2111 2659 2444 2728 competenti

437 2744 673 2794 termino
707 2763 801 2811 per
834 2753 888 2794 te
923 2744 1027 2795 sibi
1059 2763 1220 2810 super
1254 2745 1356 2794 hoc
1389 2744 1706 2810 prefigendo
1743 2755 2059 2810 compareat
2092 2744 2446 2812 personaliter

443 2847 628 2880 coram
661 2829 834 2880 nobis.
871 2828 1129 2895 Alioquin
1163 2826 1208 2879 si
1241 2847 1404 2879 causa
1453 2828 1786 2879 detentionis
1835 2829 1982 2881 aliud
2030 2830 2232 2896 exigat,
2266 2830 2444 2897 ipsum

438 2915 540 2963 sub
582 2914 812 2964 honesta
856 2924 910 2962 et
951 2933 1061 2963 non
1102 2913 1378 2963 indecenti
1420 2912 1668 2964 custodia
1713 2913 1780 2964 ad
1824 2913 2157 2979 presentiam
2198 2925 2441 2966 nostram

437 2995 662 3048 indilate
696 2996 1071 3060 transmittas3
1120 2995 1516 3048 informaturus
1565 3016 1662 3048 nos
1696 3015 1791 3063 per
1823 3006 1947 3049 tuas
1995 2997 2205 3050 litteras
2253 3001 2444 3051 harum

438 3080 630 3131 seriem
663 3080 1007 3132 continentes
1041 3082 1106 3132 de
1140 3081 1394 3132 omnibus
1427 3091 1483 3131 et
1514 3078 1739 3147 singulis
1787 3081 2100 3146 antedictis,
2148 3103 2210 3134 ac
2257 3081 2443 3134 missu-

435 3183 526 3215 rus
562 3164 847 3216 officialem
880 3176 1041 3216 tuum
1076 3164 1169 3232 qui
1202 3185 1425 3217 causam
1459 3163 1602 3216 dicte
1638 3163 1906 3232 captionis
1940 3176 1996 3216 et
2029 3164 2359 3219 detentionis
2390 3165 2443 3217 in

437 3259 623 3299 nostro
675 3249 946 3300 auditorio
999 3260 1166 3316 prout
1214 3250 1427 3316 justum
1477 3249 1643 3299 fuerit
1692 3260 2073 3316 prosequatur.
2121 3281 2189 3288 —
2240 3253 2443 3304 Datum

438 3333 712 3396 Avinioni,
748 3354 806 3384 xl
841 3335 1100 3386 kalendas
1133 3334 1268 3400 julii.

502 3526 542 3566 1.
560 3526 758 3567 Bernard
783 3526 837 3566 de
863 3525 1041 3579 Farges,
1066 3540 1211 3568 nevcu
1236 3528 1291 3569 de
1309 3527 1510 3569 Clement
1525 3527 1584 3578 V;
1601 3529 1772 3582 eveque
1796 3527 1984 3580 d'Agen,
2008 3527 2048 3569 le
2065 3527 2118 3569 25
2134 3527 2297 3570 sevrier
2313 3527 2441 3578 1306;

436 3597 716 3649 archeveque
745 3598 800 3637 de
832 3596 1005 3649 Rouen,
1036 3597 1075 3638 le
1104 3598 1130 3637 4
1160 3597 1258 3650 juin
1287 3599 1342 3639 de
1371 3599 1414 3639 la
1443 3600 1587 3640 meme
1617 3598 1778 3647 annee3
1810 3597 2028 3639 transfere
2058 3599 2085 3640 ὸ
2116 3597 2372 3652 Narbonne,
2401 3597 2440 3638 le

435 3669 488 3708 15
509 3668 598 3709 mai
618 3668 749 3717 1311;
771 3676 919 3709 meurt
938 3683 991 3709 en
1011 3669 1157 3722 juillet
1176 3670 1302 3712 1341.
1330 3670 1474 3711 Gallia
1493 3670 1653 3722 christ„
1673 3678 1706 3712 t.
1728 3684 1779 3722 11,
1799 3670 1880 3711 col.
1902 3671 2111 3720 923-924;
2132 3679 2164 3712 t.
2187 3686 2251 3725 VI,
2274 3672 2354 3714 col.
2373 3669 2446 3712 87-

437 3740 511 3787 903
546 3746 577 3779 t.
601 3753 666 3790 xl,
686 3739 1013 3792 col.75;Eubcl,
1035 3740 1175 3793 Hier„
1198 3748 1230 3781 t.
1256 3756 1287 3791 1,
1310 3756 1353 3794 p.
1377 3742 1448 3792 76,
1469 3742 1569 3792 373,
1591 3741 1689 3781 447.
1713 3741 1911 3781 Bernard
1933 3742 1988 3781 de
2026 3741 2188 3795 Farges
2225 3742 2443 3796 participa

445 3807 675 3850 l'oeuvrea
706 3807 1030 3862 inquisitoriale
1060 3811 1148 3852 soit
1179 3811 1599 3865 personnellement,
1630 3810 1718 3852 soit
1749 3825 1830 3864 par
1860 3824 1927 3852 ses
1959 3811 2165 3864 delegues
2210 3811 2445 3863 Bertrand,
