2540 4354
941 400 1204 446 caenas-r
1242 415 1323 447 vu
2015 404 2116 455 453

146 543 247 577 nus
286 536 610 591 procurante
647 525 741 575 sed
791 543 917 589 ymo
971 525 1199 576 timente
1249 531 1393 594 quod
1445 550 1604 582 causa
1662 533 1942 585 occidendi
1995 552 2118 586 eum

147 608 281 660 inibi
308 606 708 667 convenissent,
740 618 923 673 portas
955 609 1115 659 turris
1146 611 1383 675 predicte
1414 614 1721 680 frangentes
1741 616 1918 681 ipsum
1942 619 2122 682 Hugo·

147 709 271 743 nem
308 709 417 742 non
454 689 828 741 voluntarium
865 692 957 742 sed
997 691 1232 743 invitum
1270 696 1336 744 de
1373 698 1561 747 eadem
1600 709 1744 748 turre
1783 718 1873 750 seu
1914 719 2123 751 carcere

58 830 59 833 Ἴ
149 793 273 826 cum
310 772 570 825 violentia
606 783 967 826 extraxerunt
1002 793 1235 841 eumque
1269 779 1338 828 ad
1376 779 1676 845 hospicium
1713 781 1767 832 in
1802 802 1908 848 quo
1929 783 2125 835 morari

58 862 62 917 f
147 868 315 910 antea
356 867 715 908 consueverat
754 858 1135 910 conduxerunt
1173 879 1235 909 ac
1275 862 1566 912 voluerunt
1605 866 1748 928 quod
1788 865 1899 930 ipse
1938 885 2125 916 eorum

70 998 74 1000 ,
148 951 293 993 esset
329 939 648 1006 capitaneus
679 950 735 990 et
767 940 1181 1007 capitaneatum
1214 956 1514 995 assumeret
1546 949 1876 1009 eorumdem,
1896 960 1949 999 et
1980 950 2123 1015 quod

149 1023 293 1076 idem
333 1024 490 1087 Hugo
522 1024 814 1074 advertens
849 1025 993 1088 quod
1030 1025 1174 1075 facta
1210 1025 1448 1090 ipsorum
1483 1039 1669 1081 contra
1704 1041 1913 1082 statum
1946 1042 2000 1081 et
2034 1033 2127 1083 ho-

149 1124 336 1159 norem
373 1105 635 1156 carissimi
668 1105 724 1157 in
760 1106 970 1157 Christo
1013 1107 1106 1157 filii
1142 1109 1332 1170 Caroli,
1370 1111 1505 1174 regis
1527 1112 1854 1163 Francorum
1885 1114 2126 1174 illustris,

71 1227 77 1235 .-
149 1190 535 1242 redundabant
573 1189 776 1257 pariter
811 1199 864 1238 et
883 1191 1152 1241 cedebant
1186 1204 1242 1242 et
1274 1195 1416 1258 quod
1437 1205 1667 1259 protunc
1685 1208 1905 1262 propter
1923 1208 2128 1247 metum

125 1271 341 1325 -rnortis
380 1273 450 1323 ad
489 1271 695 1323 dictam
738 1272 929 1323 turrim
969 1292 1130 1324 ausus
1169 1275 1376 1341 regredi
1415 1295 1522 1327 non
1563 1278 1771 1341 fuisset,
1822 1279 2036 1345 aufugit
2075 1290 2131 1329 et

152 1355 372 1408 recessit
408 1356 478 1406 ab
515 1354 588 1406 eis
627 1366 683 1405 et
721 1355 823 1406 iter
859 1357 1090 1423 arripuit
1131 1358 1381 1410 veniendi
1419 1361 1486 1410 ad
1527 1362 1717 1411 Sedem
1755 1363 2130 1427 apostolicam,

152 1438 393 1492 eiusdem
468 1437 617 1490 Sedis
659 1438 924 1505 preceptis
963 1451 1019 1490 et
1062 1441 1333 1495 mandatis
1374 1443 1706 1508 quibuslibet
1758 1445 1811 1495 in
1864 1445 2134 1510 premissis

82 1531 89 1559 1‘
155 1533 213 1574 et
253 1522 371 1574 aliis
416 1522 694 1574 humiliter
738 1523 1038 1589 pariturus3
1084 1543 1250 1590 quare
1295 1544 1388 1591 pro
1435 1539 1586 1592 parte
1616 1528 1856 1579 eiusdem
1893 1528 2134 1593 Hugonis

86 1631 93 1653 ι,
154 1605 310 1659 nobis
362 1604 551 1656 extitit
604 1605 881 1656 humiliter
932 1607 1302 1673 supplicatum
1355 1609 1458 1660 sibi
1522 1629 1681 1676 super
1747 1611 2015 1676 premissis
2082 1621 2136 1661 et

87 1715 92 1718 ·
157 1689 402 1756 quolibet
440 1688 825 1755 premissorum
866 1708 958 1755 per
997 1709 1092 1741 nos
1131 1693 1197 1742 de
1236 1704 1502 1759 oportune
1544 1694 1862 1759 provisionis
1900 1693 2135 1744 remedio

159 1771 453 1824 subveniri.
491 1772 601 1823 Nos
633 1773 863 1823 attentis
901 1773 1152 1839 predictis
1190 1776 1272 1842 pie
1309 1777 1551 1828 volentes
1584 1795 1739 1842 agere
1774 1796 1895 1827 cum
1927 1778 2136 1839 eodem,

99 1903 104 1906 .
161 1865 325 1924 prout
365 1857 434 1908 ad
477 1866 726 1908 nostrum
768 1868 982 1922 spectat
1026 1858 1279 1919 officium,
1323 1859 1605 1924 eidemque
1648 1878 1807 1926 super
1850 1859 2137 1926 premissis,

119 2005 124 2012 ,
159 1957 230 1992 ne.
258 1938 499 2007 ipsorum
534 1950 787 2005 pretextu
824 1941 1005 1992 valeat
1039 1941 1314 1991 molestari
1347 1942 1628 2008 providere
1661 1945 1921 2004 volentes,
1956 1954 2140 1993 tenore

164 2022 498 2092 presentium
541 2024 879 2074 declaramus
925 2026 1156 2076 eundem
1206 2026 1489 2089 Hugonem
1535 2045 1628 2092 pro
1673 2038 1727 2076 et
1772 2045 1836 2076 ex
1880 2044 1939 2076 eo
1998 2026 2142 2091 quod

118 2103 121 2105 ’
162 2126 193 2159 ιι
228 2106 375 2159 dicta
408 2117 555 2157 turre
587 2117 869 2157 extractus
902 2107 1090 2158 extitit
1120 2119 1175 2158 et
1206 2109 1274 2159 ad
1309 2109 1499 2158 Sedem
1534 2110 1833 2175 predictam
1867 2121 1927 2159 ut
1946 2108 2142 2175 prefer·

131 2216 133 2218 ·
163 2200 256 2243 tur
283 2189 509 2242 accessit
539 2191 686 2257 apud
717 2209 947 2256 eamque
977 2191 1295 2257 aliquandiu
1329 2210 1532 2241 moram
1566 2193 1736 2243 traxit
1767 2204 1952 2243 contra
2008 2193 2144 2241 iura-

122 2270 126 2272 *
168 2284 413 2326 mentum
437 2284 495 2324 et
521 2273 909 2339 obligationem
939 2274 1180 2341 predicta
1211 2275 1428 2326 minime
1456 2286 1832 2341 attemptasse,
1860 2275 2146 2340 ipsumque

120 2354 133 2368 ”
169 2369 461 2425 propterea
501 2358 773 2422 relapsum
828 2358 882 2409 in
935 2357 1163 2409 heresim
1219 2359 1438 2410 minime
1490 2359 1733 2423 reputari
1785 2360 1995 2417 debere,
2052 2375 2148 2407 nec

169 2440 228 2494 in
261 2442 427 2508 penas
464 2452 561 2491 aut
596 2441 897 2493 sententias
933 2442 1144 2508 aliquas
1181 2442 1456 2502 incidisse;
1493 2453 1546 2491 et
1568 2442 1785 2507 insuper
1802 2442 2149 2491 attendentes

124 2580 131 2594 -,
173 2526 318 2592 quod
360 2527 604 2591 prefatus
652 2526 827 2590 Hugo,
870 2526 962 2591 qui
1002 2527 1210 2575 dudum
1255 2525 1555 2592 prepositus
1599 2515 2147 2576 CastelletiParisien.

133 2660 136 2661 γ
170 2608 378 2672 extitit,
419 2627 514 2676 pro
555 2608 919 2676 extirpatione
961 2609 1227 2659 scismatis
1270 2610 1413 2675 quod
1456 2609 1773 2675 prothdolor
1792 2607 1907 2672 (sic)
1928 2605 2152 2657 humani

136 2715 143 2751 χ
177 2691 384 2761 generis
425 2691 674 2743 inimicus
715 2692 769 2743 in
816 2692 912 2743 Dei
957 2692 1190 2744 Ecclesia
1232 2691 1768 2750 suscitavit,labores
1812 2690 1986 2741 varios
2026 2691 2150 2740 sub·

134 2772 283 2832 *ivit
313 2776 594 2838 hactenus,
628 2786 791 2842 prout
821 2776 999 2827 adhuc
1031 2786 1114 2826 est
1145 2775 1366 2827 solicitis
1397 2774 1590 2825 studiis
1621 2772 1885 2825 sustinere
1904 2783 1959 2822 et
1975 2771 2153 2823 subire

131 2863 137 2927 Ἀ
165 2869 432 2928 .paratus;
463 2876 525 2909 ac
554 2859 702 2926 quod
732 2858 844 2926 ipse
876 2858 1098 2924 grandia
1132 2869 1284 2924 grata
1317 2858 1607 2923 plurimum
1638 2868 1692 2907 et
1722 2866 1944 2920 accepta
1975 2854 2154 2920 probi·

181 2941 314 2995 tatis
349 2941 611 3009 obsequia
648 2943 790 2994 clare
829 2941 1084 2992 memorie
1123 2942 1317 2991 Carolo'
1348 2941 1457 3005 regi
1499 2941 1827 2990 Francorum
1863 2937 2059 2988 illustri
2096 2955 2158 2987 ac

138 3019 149 3065 Ϊ
182 3023 398 3079 civitati
432 3025 643 3092 prefate
677 3024 734 3077 in
772 3024 945 3076 officio
985 3023 1322 3090 prepositure
1361 3022 1600 3088 predicte
1638 3031 1751 3072 tam
1803 3018 2159 3070 ministrando

138 3123 143 3126 ’
185 3106 453 3161 iustitiam
491 3126 656 3175 quam
693 3118 849 3160 actus
888 3108 1020 3159 alios
1060 3106 1487 3173 quamplurimos
1526 3103 1823 3155 laudabiles
1863 3102 2160 3152 exercendo

146 3190 459 3258 .‚sserventer
490 3192 732 3258 prestitit
764 3200 820 3243 et
851 3191 1146 3257 impendit3
1182 3206 1276 3239 nos
1311 3207 1375 3239 ex
1410 3189 1507 3238 hiis
1542 3199 1596 3236 et
1643 3187 1759 3237 aliis
1807 3185 1981 3236 causis
2029 3182 2161 3234 moti

155 3267 360 3340 [eidem
390 3275 609 3341 Hugoni
632 3275 930 3342 apostoliea
960 3274 1289 3324 auctoritate
1318 3270 1660 3322 concedimus
1690 3270 1832 3334 quod
1860 3268 1971 3334 ipse
2003 3267 2161 3331 Hugo

146 3356 159 3378 '‘
188 3358 571 3424 promissorum
608 3369 663 3409 et
699 3357 987 3409 cuiuslibet
1023 3357 1335 3407 eorumdem
1376 3354 1651 3404 occasione
1688 3353 1755 3402 ad
1805 3350 2011 3403 dictam
2048 3358 2161 3398 tur-

54 3475 65 3489 ‹
141 3470 150 3498 2
192 3439 295 3492 rim
326 3450 425 3495 aut
456 3442 589 3494 alios
622 3459 860 3493 carceres
894 3441 1132 3506 episcopi
1168 3437 1469 3497 memorati,
1489 3437 1576 3487 vel
1604 3434 1824 3485 alterius
1861 3433 2163 3483 cuiuscum-

170 3539 297 3592 §que
328 3525 398 3579 ad
432 3523 743 3577 ulteriorem
789 3524 1149 3592 penitentiam
1198 3522 1559 3588 peragendam
1606 3516 1775 3567 redire
1823 3515 2042 3566 minime
2089 3525 2164 3564 te·

175 3616 414 3670 'meatum
451 3626 550 3660 nec
583 3609 654 3660 ad
689 3608 791 3660 ida
831 3624 1173 3675 quocumque
1212 3604 1416 3655 invitus
1437 3599 1869 3652 valeatcoactari
1900 3599 2165 3649 iuramen-

150 3740 156 3749 ,
197 3696 318 3742 tum
349 3690 655 3758 predictum
688 3690 906 3759 penitus
940 3691 1265 3742 relaxantes.
1306 3686 1451 3739 Nulli
1482 3702 1622 3749 erge,
1654 3693 1974 3742 etc.‚nostre
1993 3680 2168 3732 decla·

66 3830 74 3837 .
197 3771 439 3836 rationis,
484 3772 841 3833 concessionis
878 3783 934 3824 et
970 3770 1319 3826 relaxationis
1355 3767 1662 3833 infringere,
1713 3775 1816 3815 etc.
1857 3793 1947 3833 -.
1963 3762 2168 3816 Datum
