2540 4354
408 369 470 419 22
794 386 1082 421 sumamus
1126 383 1200 416 DE
1245 364 1661 424 L’1NQu1srr10N
1707 379 2027 421 FRANQAISE

407 502 564 551 vinea
600 501 821 551 Domini
851 501 1096 551 Sabahot
1125 497 1193 547 ad
1225 495 1374 546 cuius
1407 511 1592 543 curam
1622 502 1676 540 et
1709 490 2017 541 custodiam
2059 509 2265 553 sumus,
2310 491 2414 542 dis-

408 596 643 651 ponente
686 586 937 645 Domino,
976 583 1101 632 licet
1138 579 1414 638 immeriti,
1455 575 1760 636 constituti,
1783 573 2031 624 debitum
2068 575 2264 625 reddat
2302 576 2410 626 suis

407 669 746 735 temporibus
774 669 1032 728 fructum,
1067 666 1275 715 culture
1303 662 1470 727 ipsius
1498 659 1834 708 intendimus
1862 669 1917 708 et
1945 659 2013 708 ad
2041 676 2103 708 ea
2132 658 2412 725 operarios

407 751 843 803 transmictimus
875 762 930 800 et
961 748 1314 800 sollicitamus
1346 745 1514 794 etiam
1546 743 1767 808 otiosos,
1799 761 1892 808 per
1939 761 2171 808 quorum
2218 743 2415 794 sollici-

406 836 656 887 tudinem
695 835 1010 900 diligentem
1048 842 1103 882 et
1140 829 1429 881 sollicitam
1467 826 1807 891 diligentiam
1827 826 1975 876 omni
1993 827 2147 877 sorde
2183 829 2410 879 munda-

405 931 524 970 tam
557 919 612 969 in
646 928 941 984 conspectu
973 915 1109 981 regis
1143 913 1315 964 eterni
1347 930 1400 962 se
1450 911 1689 976 gaudeat
1721 909 1950 960 devictis
1999 911 2248 961 hostibus
2295 912 2406 962 feli-

407 1003 539 1053 citer
582 1002 966 1068 triumphasse.
1014 1000 1150 1050 Cum
1194 998 1400 1063 itaque,
1447 995 1587 1045 sicut
1610 1013 1677 1044 ex
1711 1005 1866 1060 parte
1888 1013 2010 1047 ven.
2032 996 2214 1046 fratris
2237 997 2408 1047 nostri

408 1086 708 1152 Guillermi,
750 1084 989 1152 episcopi
1031 1083 1327 1147 Lingonen.
1372 1080 1409 1145 3,
1454 1079 1558 1129 fuit
1599 1078 1912 1145 expositum
1956 1099 2137 1130 coram
2157 1081 2403 1147 nobis‚in

404 1170 629 1220 civitate
686 1188 748 1220 ac
801 1168 1001 1219 diocesi
1056 1167 1352 1231 Lingonen.
1410 1163 1645 1214 heretica
1701 1163 1946 1229 pravitas
2002 1165 2406 1235 adeo-‘pullula-

404 1254 563 1316 verit,
598 1272 659 1304 ac
696 1254 850 1319 plura
882 1251 1096 1318 reptilia
1146 1267 1417 1300 venenosa
1453 1267 1556 1314 que
1605 1248 1829 1298 occultis
1863 1250 2255 1300 conventiculis
2289 1269 2411 1301 con-

407 1349 560 1404 cepte
599 1336 907 1402 iniquitatis
947 1354 1039 1386 sue
1078 1334 1226 1384 virus
1265 1334 1333 1384 ad
1374 1333 1736 1398 captivandas
1789 1332 2165 1399 insipientium
2204 1335 2413 1386 animas

407 1422 678 1488 parientes
722 1421 941 1471 vineam
983 1420 1161 1486 ipsam
1203 1429 1474 1483 tanquam
1517 1418 1802 1484 vulpecule
1862 1420 2091 1483 parvule
2149 1420 2414 1470 demolliri

408 1525 504 1572 pro
558 1505 764 1556 viribus
819 1504 1116 1555 anxiantur
1168 1514 1223 1553 et
1277 1502 1505 1553 crevisse
1560 1513 1875 1564 noscantur,
1966 1505 2112 1569 quod
2166 1505 2268 1555 nisi
2321 1523 2414 1570 per

407 1591 600 1640 Sedem
639 1589 1000 1655 apostolicam
1040 1598 1390 1638 succurratur
1429 1586 1715 1649 maturius,
1759 1587 1886 1637 fidei
1937 1589 2256 1640 orthodosse
2309 1589 2412 1640 dis-

404 1674 665 1742 pendium
706 1673 782 1724 ibi
822 1673 1024 1739 poterit
1064 1690 1173 1722 non
1213 1671 1486 1722 immerito
1542 1671 1857 1734 formidari3
1903 1673 2011 1722 Nos
2066 1674 2131 1723 de
2189 1674 2412 1724 circum·

403 1759 682 1826 spectione
702 1770 796 1809 tua
830 1757 1041 1824 plenius
1061 1758 1398 1808 confidentes
1419 1756 1731 1806 discretioni
1750 1767 1910 1807 tue...
1934 1760 2260 1810 mandamus
2281 1779 2411 1826 qua-

403 1845 551 1894 tinus
585 1844 639 1894 in
673 1843 890 1893 nomine
929 1841 1148 1892 Domini
1183 1842 1250 1891 ad
1286 1852 1468 1906 partes
1502 1841 1634 1890 illas·
1666 1842 1946 1904 accedens,
1995 1843 2069 1893 sic
2117 1846 2413 1910 prudenter

405 1940 594 1979 contra
628 1927 802 1978 dictos
836 1919 1100 1976 hereticos
1131 1926 1290 1991 juxta
1325 1925 1485 1975 officii
1515 1925 1598 1976 tui
1628 1925 1878 1975 debitum
1910 1927 2134 1992 diligens
2166 1930 2411 1982 studium

403 2013 661 2064 adhibere
693 2030 945 2078 procures
977 2011 1123 2076 quod
1154 2010 1325 2076 possis
1354 2010 1550 2060 exinde
1580 2029 1688 2059 non
1717 2010 1990 2062 immerito
2022 2018 2408 2070 commendari.

407 2097 665 2162 Alioquin
705 2095 915 2146 dilectis
957 2095 1077 2145 filiis
1119 2136 1148 2148 ..
1190 2095 1355 2161 priori
1393 2095 1457 2144 de
1498 2094 1774 2157 SarconiO,
1831 2095 2129 2162 Lingonen.
2166 2100 2409 2166 diocesis,

403 2193 458 2232 et
490 2180 650 2231 fratri
682 2179 923 2231 Johanni
959 2180 1105 2242 Rufi,
1136 2179 1327 2228 lectori
1358 2179 1592 2229 fratrum
1626 2180 1929 2230 conventus
1963 2181 2158 2234 domus
2206 2186 2406 2238 ordinis

404 2265 810 2332 predicatorum
861 2264 1178 2329 Lingonen.,
1242 2263 1441 2313 nostris
1503 2264 1697 2313 damus
1759 2263 1954 2314 litteris
2015 2266 2071 2317 in
2134 2271 2408 2324 mandatis

405 2361 466 2399 ut
499 2350 554 2400 in
589 2350 866 2401 defectum
902 2359 1062 2399 tuum
1097 2348 1150 2398 id
1187 2348 1519 2399 auctoritate
1556 2358 1742 2399 nostra
1779 2348 1892 2398 sine
1928 2350 2189 2402 dilatione
2225 2354 2406 2421 aliqua

403 2444 763 2499 exequantur.
818 2463 886 2469 —
940 2434 1146 2483 Datum
1201 2443 1261 2483 ut
1314 2451 1475 2498 supra
1535 2432 1639 2501 [in.
1675 2432 1921 2498 prioratu
1988 2436 2052 2485 de
2109 2438 2405 2502 Grausello,

402 2539 464 2569 111
504 2537 674 2569 nonas
708 2517 1050 2583 septembris,
1086 2536 1228 2567 anno
1264 2517 1497 2585 quinto].

481 2603 541 2652 In
560 2603 793 2652 eundem
814 2602 1039 2651 modum
1059 2602 1269 2652 dilectis
1293 2602 1450 2654 filiis..
1473 2603 1637 2668 priori
1656 2605 1720 2654 de
1743 2606 2017 2657 Marconio
2041 2608 2177 2676 (sic),
2215 2611 2406 2675 Lingo-

401 2706 522 2738 nen.
549 2686 793 2748 diocesis,
829 2697 883 2735 et
918 2686 1074 2736 fratri
1094 2686 1335 2736 Johanni
1356 2687 1504 2749 Rufi,
1528 2688 1718 2739 lectori
1737 2689 1970 2740 fratrum
1991 2705 2294 2745 conventus
2315 2698 2406 2746 do·

401 2791 518 2821 mus
562 2771 762 2821 ordinis
806 2770 1229 2836 predicatorum,
1275 2771 1571 2836 Lingonen.
1618 2773 1927 2839 Cupientes,
1962 2787 2084 2838 etc.,
2130 2790 2191 2827 ut
2220 2799 2401 2847 supra,

400 2874 569 2921 usque
611 2855 997 2905 commendari.
1043 2855 1304 2918 Quocirca
1349 2857 1677 2908 mandamus
1720 2859 1979 2923 quatinus
2034 2861 2078 2911 si
2107 2862 2287 2915 dictus
2326 2865 2403 2915 in-

400 2939 629 3004 quisitor
668 2939 994 2988 mandatum
1032 2949 1284 2989 nostrum
1319 2939 1374 2989 in
1413 2941 1515 2990 hac
1552 2952 1706 3006 parte
1746 2944 2043 3007 neglexerit
2090 2946 2402 3014 adimplere,

400 3042 494 3073 vos
521 3022 575 3072 in
603 3023 879 3072 defectum
907 3041 1066 3072 suum
1094 3023 1147 3072 id
1175 3024 1506 3074 auctoritate
1535 3036 1719 3076 nostra
1762 3027 1873 3076 sine
1917 3029 2178 3080 dilatione
2218 3032 2397 3099 aliqua

394 3107 590 3173 exequi
620 3106 905 3157 studeatis.
938 3136 1007 3143 —
1039 3108 1246 3158 Datum
1278 3119 1340 3158 ut
1369 3128 1550 3174 supra.

451 3262 491 3303 1.
526 3262 622 3303 Une
644 3260 890 3314 rubricelle‚
913 3261 1064 3315 placee
1085 3276 1145 3303 au
1166 3271 1360 3305 sommet
1380 3265 1443 3306 du
1464 3266 1570 3307 folio
1588 3267 1686 3320 169,
1705 3277 1878 3322 permet
1895 3271 1949 3311 de
1966 3272 2156 3326 corriger
2171 3281 2290 3315 cette
2307 3289 2402 3315 sus-

391 3331 597 3386 cription:
628 3347 644 3368 «
666 3331 838 3371 Dilecto
862 3331 952 3372 filio
971 3331 1225 3384 inquisitori
1246 3334 1437 3375 heretice
1458 3336 1698 3390 pravitatis
1719 3338 1765 3379 in
1784 3339 2070 3394 Lugdunensi
2106 3344 2351 3396 provincia.
2381 3359 2397 3382 n

390 3403 450 3442 Le
477 3402 648 3442 diocese
676 3403 729 3442 de
756 3401 950 3454 Langres
978 3402 1091 3442 &tait
1116 3403 1282 3444 soumis
1310 3405 1335 3444 a
1362 3405 1404 3445 la
1431 3407 1678 3462 metropole
1705 3409 1759 3449 de
1777 3409 1919 3463 Lyon.
1939 3411 2046 3453 Voir
2066 3413 2395 3466 Introduction,

383 3487 426 3526 p.
448 3486 685 3513 x1v-xv111.

448 3543 487 3583 2.
522 3543 601 3583 Cet
625 3543 892 3597 inquisiteur
916 3546 1030 3588 etait
1055 3549 1278 3600 peut-&tre
1305 3549 1482 3590 Geraud
1509 3550 1794 3604 d'Auxonne,
1820 3553 1846 3592 a
1884 3553 1976 3607 qui,
2002 3555 2146 3596 moins
2182 3557 2237 3597 de
2278 3557 2396 3597 deux

384 3626 462 3653 ans
493 3617 636 3665 apres,
667 3614 739 3654 fut
768 3615 943 3656 adressc
973 3616 1012 3656 le
1042 3618 1286 3659 document
1315 3620 1512 3662 suivant.

441 3687 480 3725 3.
515 3683 767 3725 Guillaumc
790 3686 844 3726 de
868 3686 1070 3740 Durfort,
1094 3702 1254 3741 promu
1277 3691 1302 3730 ἐι
1325 3690 1520 3732 Γόνόοὴό
1543 3693 1597 3732 dc
1620 3693 1830 3747 Langres,
1853 3695 1891 3735 le
1914 3696 1966 3736 15
1991 3698 2232 3738 novembre
2255 3697 2389 3746 1306;

378 3753 592 3793 transfere
624 3755 648 3793 a
682 3754 854 3804 Rouen,
885 3769 939 3795 en
969 3757 1144 3809 janvier
1174 3759 1304 3808 13193
1338 3769 1456 3801 mort
1487 3762 1524 3801 le
1555 3763 1609 3802 24
1641 3765 1882 3805 novembre
1914 3767 2038 3806 1330.
2077 3767 2187 3808 Gall.
2219 3767 2380 3821 chrisa,
