2540 4354
417 352 480 403 74
803 369 1086 404 BULLAlnE
1129 368 1202 399 DE
1245 348 1657 403 L'iNomsleN
1701 360 2016 403 FRANeAlsn

468 488 507 529 1.
543 486 689 529 Pierre
716 489 770 529 de
800 486 1044 534 Rochefort
1072 499 1129 525 ou
1159 481 1426 535 Roquefort,
1455 479 1526 521 elu
1554 480 1724 532 eveque
1752 478 1807 519 de
1835 477 2150 529 Carcassonne,
2178 476 2217 518 le
2245 477 2297 518 17
2315 491 2412 530 sep·

415 557 586 599 tembre
608 559 740 607 1300;
765 565 949 598 mourut
976 555 1014 594 le
1036 555 1086 595 31
1112 566 1230 593 mars
1253 551 1380 591 1322.
1411 550 1555 590 Gallia
1576 549 1736 599 christ„
1759 555 1792 589 t.
1817 561 1880 598 vr,
1903 546 1984 587 col.
2009 547 2218 596 893-895;
2258 545 2414 599 Eubel,

412 628 551 680 Ilien,
571 634 602 668 t.
625 640 654 677 1,
684 642 727 681 p.
748 627 851 676 172;
871 625 1041 676 Mahul,
1061 622 1357 663 Cartalaire...
1379 621 1437 660 du
1455 620 1618 659 diocese
1638 619 1688 658 de
1703 617 2014 668 Carcassonne,
2034 625 2066 658 t.
2086 631 2130 668 V,
2149 631 2191 669 p.
2211 617 2412 658 441-445.

466 699 504 738 2.
541 697 646 738 Voir
673 710 715 749 p.
745 698 815 749 47,
844 705 949 738 note
977 695 1017 736 2.
2403 740 2410 747 ·

467 769 507 808 3.
542 767 761 808 Bertrand
796 765 1008 808 d'Auriac
1043 765 1115 805 fut
1148 762 1337 804 d'abord
1372 758 1674 801 commissaire
1707 759 1762 799 de
1796 758 2110 812 l’archeveque
2143 757 2341 798 Bernard
2362 755 2416 798 de

412 838 590 890 Farges,
615 839 726 878 dans
752 837 793 878 la
820 835 922 876 ville
947 842 993 876 et
1016 834 1055 874 16
1080 833 1253 874 diocese
1278 833 1332 872 de
1359 830 1616 881 Narbonne,
1642 843 1758 882 pour
1781 828 1841 870 les
1867 842 2021 869 causes
2047 826 2262 868 d'heresie
2289 827 2418 880 ;puis

409 908 436 948 il
457 909 615 950 devint
634 908 797 949 vicaire
814 906 991 960 general
1008 907 1062 946 de
1080 904 1284 957 l'eveque
1302 904 1357 943 de
1378 902 1678 942 Careassonne
1697 899 2022 953 etinquisiteur
2032 898 2258 952 episcopal
2272 898 2417 951 (1318-

360 1006 366 1011 -
410 979 521 1019 1329
546 978 599 1031 ?).
627 978 663 1018 Il
685 990 929 1031 prononea,
953 989 1063 1016 avec
1085 971 1284 1012 Bernard
1307 971 1394 1012 Gui
1417 979 1462 1012 et
1484 971 1599 1012 Jean
1617 972 1672 1012 de
1688 969 1885 1022 Beaune,
1908 969 1950 1011 la
1973 977 2182 1010 sentence
2204 969 2258 1009 de
2297 967 2416 1009 Guil-

410 1049 496 1089 lem
520 1048 687 1099 Garric,
711 1049 764 1088 de
788 1047 1104 1096 Carcassonne,
1127 1044 1166 1084 le
1188 1044 1242 1082 14
1263 1042 1412 1095 juillet
1433 1041 1559 1081 1321.
1583 1040 1715 1080 Liber
1734 1046 1928 1091 sentent„
1952 1053 1995 1092 p.
2020 1039 2118 1080 282.
2140 1038 2177 1078 Il
2194 1037 2416 1091 participa

409 1120 434 1159 ὸ
465 1117 651 1160 nombre
680 1118 735 1158 de
764 1119 935 1170 proces,
965 1116 1020 1156 de
1051 1112 1378 1155 consultations
1408 1110 1756 1165 inquisitoriales
1788 1118 1833 1151 et
1863 1108 2021 1150 d'actes
2050 1107 2100 1146 de
2121 1106 2196 1157 soi.
2233 1106 2414 1159 Douais‚

407 1188 473 1228 La
496 1188 680 1240 formale
705 1185 1046 1237 Communicato,
1074 1191 1163 1236 etc„
1192 1198 1234 1237 p.
1264 1183 1335 1234 30,
1362 1182 1432 1234 34,
1460 1183 1535 1231 56;
1560 1181 1823 1222 Documents
1846 1194 1959 1235 pour
1999 1179 2133 1219 servir
2159 1179 2186 1218 ἀ
2212 1178 2340 1222 l’lzist.
2369 1179 2418 1218 de

405 1255 725 1311 l’Inquisicion,
750 1271 794 1310 p.
822 1269 991 1308 Lxxn1,
1017 1269 1150 1295 cxxn
1174 1268 1240 1307 sq.

463 1329 503 1368 4.
537 1326 758 1368 Montreal
796 1324 974 1379 (Aude),
1007 1326 1185 1366 arrond.
1221 1325 1275 1365 de
1309 1323 1624 1365 Carcassonne.

467 1399 506 1438 5.
542 1397 629 1438 Des
666 1394 993 1438 contestations
1029 1394 1240 1436 s'etaient
1275 1394 1446 1435 elevees
1482 1401 1607 1434 entre
1642 1392 1682 1433 le
1717 1391 1921 1445 chapitre
1957 1392 2011 1432 de
2047 1390 2348 1432 Carcassonne
2373 1398 2419 1432 et

410 1470 469 1508 les
492 1469 755 1508 executeurs
779 1465 1139 1508 testamentaires
1162 1467 1216 1506 de
1236 1464 1283 1506 P.
1304 1466 1358 1506 de
1378 1463 1644 1514 Roquefort.
1668 1463 1784 1503 Jean
1806 1462 1949 1502 XXII
1967 1461 2139 1512 deoida,
2161 1461 2200 1501 le
2221 1461 2276 1507 30
2298 1469 2419 1503 octo-

408 1538 485 1578 bre
513 1538 641 1589 1322,
671 1552 757 1591 que
784 1537 844 1578 les
876 1536 1079 1577 volentes
1108 1537 1170 1576 du
1198 1536 1359 1576 desunt
1387 1534 1580 1575 seraient
1608 1534 1842 1574 executees
1871 1533 1896 1572 ὲ
1924 1531 1966 1573 la
1994 1531 2140 1573 lettre.
2171 1530 2231 1571 Le
2255 1529 2417 1572 nouvel

408 1611 580 1662 eveque
605 1616 682 1650 eut
707 1608 767 1649 les
794 1615 1048 1648 ornements
1075 1614 1120 1648 et
1143 1606 1205 1647 les
1232 1620 1359 1646 vases
1385 1607 1529 1646 sacres
1555 1613 1600 1646 et
1624 1604 1663 1645 le
1689 1603 1893 1656 chapitre
1917 1617 1963 1644 se
1988 1611 2202 1645 contenta
2227 1603 2304 1643 des
2329 1602 2417 1655 legs

409 1679 515 1721 faits
538 1694 621 1732 par
641 1679 681 1719 le
703 1678 865 1719 de'funt
887 1679 912 1718 a
935 1677 1100 1730 l’e'glise
1123 1676 1394 1717 cathedrale.
1420 1675 1591 1726 Mahul,
1615 1675 1873 1726 Cartalaire,
1898 1682 1929 1715 t.
1955 1688 1999 1725 ν,
2023 1688 2066 1727 p.
2091 1673 2297 1724 443-445,
2320 1673 2416 1714 569.

409 1749 495 1790 Sur
514 1749 552 1789 le
571 1749 816 1801 reglement
835 1750 890 1789 de
910 1755 1028 1789 cette
1047 1746 1314 1798 succession,
1337 1746 1434 1786 voir
1453 1746 1651 1787 d’autres
1672 1745 1826 1785 lettres
1847 1745 1902 1785 de
1921 1744 2036 1786 Jean
2057 1742 2221 1783 XXII:
2235 1742 2419 1794 Coulon,

407 1834 476 1871 op.
503 1820 588 1869 cit„
613 1834 656 1860 n.
682 1819 944 1870 1363-1365,
969 1818 1232 1868 1382-1386,
1257 1817 1385 1867 1420,
1410 1816 1673 1865 1440-1442,
1699 1815 1826 1866 1471,
1851 1814 2113 1864 1473-1474,
2138 1813 2265 1865 1510,
2290 1813 2420 1863 1525-

409 1890 536 1941 1526,
574 1890 701 1942 1574,
738 1890 864 1942 1583,
902 1890 1028 1930 1665.

1268 2277 1554 2336 -42-

487 2443 625 2492 Jean
660 2442 844 2493 XXII
879 2443 1048 2492 donne
1083 2446 1114 2491 ἁ.
1150 2442 1507 2508 l’inquisiteur
1541 2443 1600 2491 de
1640 2443 1825 2502 Tours,
1866 2439 2110 2490 Maurice
2145 2440 2204 2488 de
2239 2436 2414 2488 Saint-

417 2528 572 2587 Paul,
607 2529 648 2577 le
678 2528 899 2593 potwoir
928 2529 987 2577 de
1017 2530 1284 2577 connaitre
1314 2528 1400 2577 des
1431 2527 1615 2579 crimes
1646 2526 1735 2592 qui
1767 2526 1983 2575 relevent
2012 2525 2072 2574 de
2116 2542 2211 2572 son
2254 2523 2414 2572 tribu-

414 2613 519 2671 nal,
553 2616 711 2661 meme
739 2631 801 2661 en
829 2613 1010 2661 dehors
1038 2612 1124 2661 des
1154 2611 1344 2661 limites
1374 2612 1433 2661 de
1461 2629 1521 2660 sa
1550 2609 1982 2675 circonscription
2013 2606 2412 2674 inquisitoriale.

410 2725 479 2732 -—
510 2696 778 2761 Avignon,
813 2697 844 2745 9
873 2695 1050 2762 juillet
1085 2696 1234 2747 1323.

757 2833 862 2885 Reg.
893 2833 1006 2885 Vat„
1032 2843 1062 2874 t.
1086 2848 1179 2886 cxx,
1199 2849 1240 2875 n.
1275 2835 1373 2886 876,
1407 2835 1511 2882 878;
1574 2832 1699 2874 J.-M.
1751 2832 1896 2883 Vidal,
1941 2831 2002 2872 Le
2046 2833 2131 2872 sire
2163 2831 2214 2870 de
2243 2829 2419 2870 Parthe-

704 2917 790 2955 nay
821 2911 858 2944 et
887 2905 1191 2957 l'Inquisition
1239 2903 1539 2957 (1323-1325),
1569 2905 1682 2945 dans
1725 2903 1922 2944 Bullelin
1964 2902 2198 2954 historique
2225 2906 2263 2940 el
2281 2899 2419 2952 pbilo-

705 2976 887 3028 logique,
921 2975 1047 3026 1903,
1080 2989 1123 3028 p.
1158 2975 1262 3024 422;
1298 2974 1484 3027 Coulon,
1516 2988 1558 3014 n.
1593 2974 1705 3014 1754
1742 2973 1909 3027 (anaL).

485 3093 743 3143 Mauricio
763 3093 799 3155 ¹,
830 3092 894 3141 de
915 3092 1099 3141 ordine
1130 3092 1364 3141 fratrum
1394 3090 1819 3156 predicatorum,
1846 3090 2153 3155 inquisitori
2185 3091 2414 3140 heretice

412 3177 703 3243 pravitatis
737 3177 792 3226 in
825 3176 1104 3242 provincia
1139 3177 1410 3226 Turonen.
1446 3206 1515 3211 -—
1547 3176 1682 3225 Cum
1716 3175 1779 3224 de
1815 3175 2130 3225 criminibus
2164 3176 2232 3226 ad
2266 3174 2415 3231 iuris-

417 3261 713 3311 dictionem
753 3263 971 3329 [tuam],
1007 3260 1219 3309 ratione
1257 3260 1417 3310 officii
1452 3259 1820 3325 inquisitionis
1855 3259 1958 3309 tibi
1990 3259 2264 3310 commissi
2297 3276 2410 3324 spe-

416 3346 693 3395 ctantibus
730 3345 871 3396 infra
909 3344 1248 3410 provinciam
1285 3344 1387 3394 tibi
1423 3345 1700 3394 decretam
1737 3342 2055 3404 commissis,
2098 3355 2147 3392 te
2185 3344 2414 3409 plerum-

415 3448 516 3494 que
538 3448 854 3494 cognoscere
876 3430 1140 3480 suadente
1162 3428 1421 3490 utilitate‚
1443 3428 1583 3478 sieut
1603 3428 1928 3494 accepimus,
1950 3447 2016 3478 ex
2050 3427 2207 3477 certis
2243 3426 2413 3478 causis

413 3513 669 3578 expediat
730 3524 882 3563 extra
945 3513 1110 3574 illam,
1173 3532 1268 3562 nos
1316 3514 1383 3562 ad
1445 3513 1771 3578 extirpanda
1806 3512 1950 3562 dicta
1986 3511 2208 3561 crimina
2242 3511 2414 3561 inten-

415 3597 482 3647 sis
510 3597 783 3647 desideriis
811 3597 1156 3663 inspirantes,
1185 3616 1345 3662 super
1382 3596 1693 3646 huiusmodi
1739 3595 2053 3646 criminibus
2090 3594 2416 3661 procedendi

415 3692 470 3730 et
510 3681 826 3743 diffiniendi,
860 3701 921 3731 ac
961 3681 1267 3746 exequendi
1287 3681 1439 3746 'quod
1467 3680 1791 3731 canonicum
1823 3679 1987 3729 fuerit
2013 3679 2243 3729 ubilibet
2261 3689 2411 3729 extra

415 3764 619 3814 dietam
652 3765 989 3830 provinciam
1021 3784 1082 3815 eo
1116 3767 1277 3816 modo
1310 3784 1416 3832 quo
1448 3765 1547 3815 >tibi
1580 3755 1836 3816 existenti
1867 3763 2005 3814 infra
2053 3763 2228 3832 ipsam
2275 3782 2412 3814 com·
