2540 4354
457 341 560 395 350
845 359 1134 393 BULLAmE
1178 358 1253 390 DE
1295 341 1713 400 L’momsrrlon
1756 356 2077 401 FRANcmsn

453 474 914 525 committendum
947 474 1104 524 vobis
1129 474 1520 540 „Inquisitionis
1555 473 1793 524 officium
1827 472 1901 522 sic
1920 490 2016 522 vos
2050 473 2303 524 volumus
2338 493 2460 526 con-

451 570 537 610 tra
580 558 946 608 hereticorum
988 558 1281 623 perfidiam
1323 558 1553 608 viriliter
1595 556 1792 622 exequi
1833 566 1896 605 ut
1936 556 1992 605 in
2047 574 2136 606 eos
2181 557 2274 622 qui
2333 558 2459 610 fidei

453 641 746 693 christiane
788 641 1120 708 professores
1163 653 1219 692 et
1263 642 1437 692 divini
1479 641 1713 692 nominis
1756 640 1871 690 veri
1904 641 2138 690 cultores
2158 641 2459 693 extiterunt

453 727 583 776 illud
624 744 734 776 non
775 726 1061 790 contingat
1101 727 1344 777 extendi.
1388 727 1527 777 Sane
1567 725 1842 776 nonnullis
1884 742 1951 773 ex
1993 725 2459 791 predecessoribus

451 810 653 860 nostris
690 811 928 861 romanis
966 811 1324 876 pontificibus
1361 812 1430 860 ab
1465 810 1612 874 olim,
1649 809 1863 859 sicutin
1898 827 2088 858 eorum
2122 809 2319 859 litteris
2368 828 2458 861 au-

454 895 689 945 divimus
749 895 1031 957 contineri,
1093 895 1196 946 fuit
1254 895 1583 944 testimoniis
1645 893 1931 956 fidedignis
1989 904 2259 943 assertum
2317 895 2459 960 quod

452 980 580 1030 villa
624 979 1124 1046 Montispessulani,
1169 980 1511 1044 Magalonen.
1557 978 1802 1043 diocesis,
1844 988 1962 1027 erat
2002 977 2104 1027 illis
2125 978 2459 1043 temporibus

451 1083 480 1115 a
523 1064 738 1115 macula
778 1064 1015 1114 heretice
1056 1064 1349 1130 pravitatis
1404 1063 1666 1113 immunis
1708 1073 1763 1111 et
1819 1061 2005 1111 dilecti
2062 1062 2159 1111 filii
2214 1062 2459 1114 consules

413 1159 506 1198 ‘et
549 1148 783 1214 populus
827 1147 1071 1198 eiusdem
1114 1148 1241 1198 ville
1285 1141 1448 1214 supra
1498 1148 1714 1198 firmam
1759 1156 1975 1212 petram
2020 1146 2288 1196 catholice
2336 1146 2462 1197 fidei

451 1233 684 1284 stabiliti
719 1251 830 1284 non
868 1233 1211 1284 declinarant
1249 1234 1318 1284 ad
1358 1233 1645 1283 dexteram
1682 1232 1769 1281 vel
1787 1231 2085 1294 sinistram,
2125 1230 2368 1296 quinimo
2406 1231 2460 1281 in

452 1318 745 1368 devotione
775 1328 964 1369 sancte
993 1335 1219 1368 romane
1253 1317 1507 1379 Ecclesie,
1541 1316 1730 1368 matris
1750 1334 1861 1377 sue,
1885 1315 2115 1365 firmiter
2144 1325 2199 1364 et
2231 1315 2461 1366 fideliter

452 1402 803 1467 persistentes
841 1402 942 1452 illis
980 1401 1330 1467 laudabiliter
1366 1398 1693 1451 inherebant
1731 1417 1836 1466 que
1873 1400 1943 1450 ad
1980 1399 2278 1464 apostolice
2313 1398 2458 1450 Sedis

450 1486 824 1537 redundarent
856 1487 1138 1549 honorem,
1173 1504 1384 1536 necnon
1419 1503 1514 1552 per
1549 1484 1650 1534 Dei
1683 1476 1919 1549 gratiam
1953 1484 2018 1533 de
2051 1483 2199 1545 villa,
2235 1483 2461 1534 consuli-

452 1571 551 1621 bus
607 1582 663 1620 et
717 1572 920 1638 populo
978 1571 1297 1622 memoratis
1367 1570 1682 1621 audivimus
1752 1570 2036 1635 hucusque
2107 1567 2460 1631 contrarium,

451 1656 620 1707 immo
654 1656 799 1723 ipsos
835 1656 890 1707 in
924 1656 1085 1707 solita
1122 1655 1438 1707 sinceritate
1473 1655 1740 1706 catholice
1779 1653 1906 1703 fidei
1939 1663 1994 1703 et
2031 1652 2266 1702 Ecclesie
2301 1652 2458 1702 devo-

451 1739 600 1790 tione
642 1741 912 1791 credimus
951 1740 1065 1806 iugi
1103 1740 1511 1807 perseverantia
1553 1756 1889 1806 permanere.
1934 1737 2072 1800 Quia
2113 1737 2301 1802 itaque
2340 1753 2460 1786 eon-

451 1825 591 1875 sules
623 1836 679 1875 et
708 1827 942 1892 populus
974 1825 1242 1877 antedicti
1272 1843 1368 1890 pro
1401 1824 1716 1874 huiusmodi
1748 1822 1952 1872 meritis
1985 1840 2079 1887 per
2096 1839 2191 1871 vos
2214 1830 2455 1871 cunctos·

452 1927 556 1974 que
601 1910 784 1961 fideles
828 1921 958 1961 sunt
1000 1909 1381 1961 favorabiliter
1425 1908 1808 1974 prosequendi,
1866 1907 2186 1971 iustumque
2244 1905 2458 1954 videtur

449 2004 505 2043 et
541 1995 735 2046 decens
773 2005 835 2045 ut
870 1996 926 2046 in
963 1994 1281 2060 gravamine
1317 1994 1561 2059 ipsorum
1598 2002 1846 2042 vestrum
1882 2009 1993 2042 non
2029 1991 2188 2040 cedat
2207 1988 2457 2051 officium,

450 2079 543 2129 sed
590 2090 812 2131 tantum
859 2080 1074 2130 illorum
1122 2078 1317 2129 faciem
1364 2077 1663 2143 ignominia
1709 2078 1920 2142 repleat
1967 2075 2061 2140 qui
2107 2073 2461 2140 probabiliter

450 2166 691 2231 suspecti
743 2166 1040 2215 creduntur
1093 2164 1239 2230 quod
1294 2164 1623 2215 catholicam
1675 2171 1940 2227 respuant
1993 2159 2313 2226 puritatem,
2365 2174 2460 2207 nos

450 2267 639 2299 eorum
676 2250 1169 2316 supplicationibus
1207 2248 1473 2311 inclinati,
1512 2247 1795 2297 devotioni
1831 2255 2011 2295 vestre
2041 2263 2135 2311 per
2161 2241 2456 2309 apostolica

450 2333 652 2399 scripta
699 2335 1026 2386 mandamus
1072 2333 1334 2399 quatinus
1378 2332 1648 2398 ipsos,vel
1689 2349 1879 2381 eorum
1921 2330 2161 2395 aliquem
2203 2336 2455 2394 pretextu

451 2419 619 2468 vestri
655 2419 814 2469 officii
849 2439 957 2471 non
995 2419 1295 2469 molestetis
1330 2418 1385 2468 in
1420 2418 1603 2482 aliquo
1639 2417 1726 2466 vel
1762 2414 1997 2480 gravetis
2017 2410 2454 2478 indebite3quin-

448 2522 577 2568 ymo
622 2522 711 2555 eos
757 2505 1008 2555 habeatis
1054 2503 1375 2570 propensius
1437 2501 1850 2551 commendatos
1897 2499 2160 2566 quandiu,
2221 2507 2283 2547 ut
2341 2513 2453 2562 pre-

449 2588 674 2639 missum
705 2600 805 2652 est,
842 2588 1074 2639 fideliter
1105 2588 1315 2653 egerint
1345 2598 1400 2637 et
1432 2587 1631 2636 devote
1662 2596 1725 2635 ut
1756 2586 1927 2635 scelus
1962 2583 2078 2650 (sic)
2115 2581 2240 2632 fidei
2269 2591 2323 2630 et
2355 2581 2455 2632 fer-

449 2692 545 2723 vor
590 2674 898 2725 devotionis
944 2691 1133 2723 eorum
1177 2683 1336 2724 tanto
1383 2671 1579 2721 fortius
1625 2670 1960 2722 accendatur
2007 2677 2219 2734 quanto
2265 2683 2318 2716 se
2362 2681 2453 2730 per

449 2759 550 2808 hoc
588 2759 850 2810 maiorem
888 2757 1179 2808 sensierint
1215 2756 1488 2807 invenisse
1525 2755 1791 2806 favorem.
1832 2782 1901 2789 —-
1938 2753 2147 2803 Datum
2185 2747 2453 2810 Avinioni,

453 2862 538 2892 1111
587 2862 758 2895 nonas
806 2842 1141 2904 novembris,
1191 2841 1553 2908 pontificatus
1600 2839 1773 2909 nostri
1820 2855 1962 2889 anno
2013 2836 2245 2886 tertio.»

527 2928 673 2978 Nulli
710 2947 834 2994 ergo
874 2938 1058 2978 nostre
1096 2926 1488 2988 innovationis,
1528 2935 1653 2987 etc.,
1692 2922 1999 2988 infringere.
2022 2921 2314 2971 —Datum
2333 2915 2457 2967 Avi-

452 3013 617 3075 nioni,
664 3032 750 3063 1111
795 3031 965 3062 nonas
1010 3010 1258 3072 ianuarii,
1304 3028 1445 3061 anno
1491 3007 1682 3075 primo,

513 3196 553 3236 1.
587 3195 691 3246 Reg.
723 3194 837 3247 Vat„
864 3203 896 3234 t.
926 3208 1001 3246 cx,
1027 3208 1070 3235 n.
1098 3193 1201 3241 960;
1230 3191 1415 3244 Coulon‚
1442 3191 1600 3232 Leures
1624 3191 1797 3230 secretas
1822 3195 1858 3229 et
1878 3188 2061 3229 curiales
2081 3187 2130 3228 cle
2155 3186 2269 3226 Jean
2292 3180 2451 3234 XXII,

453 3282 495 3306 n.
523 3267 605 3306 756
632 3266 666 3304 A
698 3265 761 3317 (in
786 3264 908 3318 ext.);
935 3264 1034 3318 plus
1059 3264 1188 3315 haut,
1215 3278 1257 3304 n.
1285 3264 1352 3303 20.
