2540 4354
501 344 608 397 432
898 358 1184 394 BULLAIRE
1229 359 1302 393 DE
1348 340 1763 402 L’1NQUIS1T10N
1811 356 2128 404 FRANQAISE

851 477 957 530 Reg.
989 476 1104 530 Vah,
1131 484 1164 518 t.
1194 488 1327 530 coxo,
1355 476 1430 517 fol.
1458 476 1533 526 115
1560 475 1802 529 Wadding,
1828 475 2012 528 Annal„
2039 476 2095 516 ad
2123 490 2227 516 ann.
2255 476 2382 517 1376.
2409 491 2451 519 n.
2479 462 2520 520 11v

797 548 862 603 (in
889 547 1011 602 ext.);
1043 548 1202 601 Eubel,
1231 547 1367 600 Ball„
1396 555 1430 588 t.
1460 561 1524 600 v1,
1555 561 1598 588 n.
1628 547 1739 588 1433
1774 546 1941 600 (επεὶ).
2204 544 2205 547 '

586 668 809 719 Dilectis
850 667 970 717 filiis
1010 666 1179 716 nobili
1217 666 1334 716 viro
1374 667 1726 730 gubernatori
1763 686 1825 718 ac
1865 670 2086 720 consilio
2129 671 2507 738 Delphinatus,

500 756 754 815 salutem,
786 763 889 802 etc.
926 780 994 786 ——
1026 750 1109 800 Ad
1142 750 1365 816 pietatis
1398 768 1561 816 opera
1594 760 1756 802 tanto
1791 763 1886 801 v'os
1920 755 2287 806 confidentius
2318 758 2506 808 exhor·

501 850 685 890 tamur
727 847 938 902 quanto
983 835 1154 900 magis
1198 835 1550 885 devotionem
1593 845 1835 887 vestram
1879 838 2035 888 decet
2077 840 2131 890 in
2174 841 2274 891 hiis
2316 841 2509 906 iugiter

499 921 753 972 exerceri.
817 921 957 972 Sane
1016 937 1190 986 nuper
1250 937 1359 970 non
1419 919 1533 970 sine
1564 919 1742 970 cordis
1776 923 2143 974 amaritudine
2204 925 2508 991 accepimus

502 1008 649 1074 quod
696 1005 752 1056 in
801 1003 1141 1071 Delphinatu
1186 1014 1242 1053 et
1301 1003 1350 1053 ei
1409 1004 1809 1055 circumvicinis
1871 1007 2139 1072 partibus,
2200 1009 2255 1060 in
2315 1009 2508 1076 quibus

501 1092 732 1142 dilectus
774 1090 916 1140 filius
958 1089 1278 1140 Franciscus
1317 1087 1521 1150 Borilli,
1564 1088 1766 1155 ordinis
1806 1090 2041 1141 fratrum
2081 1093 2353 1143 minorum
2391 1112 2510 1160 pro·

501 1177 688 1238 sessor,
735 1174 995 1240 magister
1037 1174 1093 1224 in
1136 1173 1430 1238 theologia,
1475 1173 1767 1238 inquisitor
1811 1176 2045 1226 heretice
2081 1178 2372 1243 pravitatis
2415 1197 2506 1231 au-

499 1261 763 1311 ctoritate
819 1258 1122 1325 apostolica
1181 1259 1481 1324 deputatus
1539 1258 1746 1321 existit,
1806 1260 1941 1311 adeo
1988 1271 2242 1326 potenter
2273 1263 2504 1314 heretice

498 1345 847 1396 infidelitatis
884 1362 1032 1393 error
1069 1343 1306 1394 invaluit
1325 1344 1471 1408 quod
1510 1343 1714 1393 ibidem
1753 1345 2145 1410 quamplurimi
2181 1365 2210 1397 a
2250 1346 2337 1398 via
2375 1347 2506 1398 veri·

501 1430 636 1481 tatis
686 1447 904 1496 prorsus
955 1427 1132 1480 aversi
1181 1438 1371 1478 euntes
1424 1438 1549 1494 post
1599 1428 1821 1478 devium
1872 1429 2128 1480 falsitatis
2180 1449 2242 1481 ac
2309 1416 2529 1497 seipsos

503 1514 728 1565 diversis
761 1525 817 1564 et
848 1513 1013 1565 variis
1047 1513 1326 1563 heresibus
1362 1512 1720 1575 maculantes,
1754 1513 2039 1579 pestiferas
2084 1516 2153 1566 ad
2202 1516 2507 1567 concutien-

499 1595 636 1651 dum‘
682 1599 987 1649 orthodoxe
1040 1617 1258 1648 murum
1311 1597 1440 1648 fidei
1490 1597 1772 1648 machinas
1824 1609 2171 1662 construunt,
2222 1600 2507 1666 ipsumque

503 1686 822 1735 subvertere
867 1683 1020 1734 -falsis
1068 1694 1126 1733 et
1173 1682 1414 1749 vulpinis
1464 1682 1790 1748 impulsibus
1840 1682 2117 1734 fallacium
2166 1696 2510 1750 argumenta-

499 1770 714 1821 tionum
748 1770 1065 1820 intendunt.
1105 1769 1307 1818 Verum
1343 1786 1468 1817 cum
1503 1767 1680 1817 eidem
1714 1767 2044 1834 inquisitori,
2081 1770 2150 1820 ad
2185 1770 2379 1820 talium
2413 1770 2510 1836 ini7

495 1856 1110 1921 qua-prosternendum
1159 1853 1458 1915 molimina,
1508 1852 1665 1904 favor
1713 1864 1894 1903 vester
1942 1853 2012 1903 sit
2031 1855 2498 1920 quamplurimum

495 1951 857 2006 opportunus,
885 1940 1137 1991 eamdem
1165 1938 1517 1989 devotionem
1545 1949 1788 1989 vestram
1814 1938 1970 1988 nobis
2001 1957 2202 2001 caram,
2234 1950 2296 1989 ut
2331 1940 2503 1992 carius

497 2043 803 2090 possumus,
843 2025 1200 2090 deprecamur
1238 2023 1500 2089 quatinus
1537 2040 1633 2088 pro
1670 2033 1858 2073 nostra
1888 2033 1952 2072 et
2004 2023 2298 2089 apostolice
2354 2024 2501 2075 Sedis

494 2109 803 2160 reverentia
839 2128 902 2160 ac
935 2109 1104 2159 etiam
1138 2118 1319 2158 vestre
1355 2107 1546 2158 salutis
1581 2107 1790 2156 intuitu
1822 2118 2011 2159 contra
2032 2108 2342 2158 huiusmodi
2360 2110 2502 2158 here-

495 2195 651 2262 ticos,
696 2195 998 2256 credentes,
1041 2193 1302 2254 fautores,
1346 2192 1656 2242 defensores
1699 2202 1754 2241 et
1792 2202 2162 2257 receptatores
2204 2211 2389 2243 eorum
2429 2193 2500 2244 sic

496 2279 770 2344 insurgere
803 2277 1094 2340 studeatis,
1127 2277 1312 2343 sicque
1344 2277 1522 2327 eidem
1554 2276 1867 2343 inquisitori
1900 2276 2038 2328 circa
2070 2287 2188 2328 tam
2221 2277 2370 2343 pium
2402 2276 2500 2327 sibi

495 2363 847 2414 commissum
892 2362 1131 2413 officium
1176 2362 1467 2414 salubriter
1512 2362 1915 2426 exequendum,
1977 2362 2231 2425 consiliis,
2291 2361 2500 2413 auxiliis

493 2459 549 2498 et
573 2448 857 2499 favoribus
884 2446 1212 2514 opportunis
1239 2446 1529 2508 assistatis,
1558 2446 1706 2512 quod
1732 2456 1916 2496 vestro
1944 2446 2222 2496 mediante
2249 2445 2500 2512 suffragio

493 2551 588 2599 per
624 2533 738 2584 eius
776 2550 994 2584 sacrum
1033 2531 1398 2582 ministerium
1436 2549 1499 2582 ac
1536 2530 1784 2581 studium
1823 2529 1953 2595 vigil
1990 2541 2045 2580 et
2083 2530 2500 2581 sollicitudinem

492 2618 824 2669 indefessam
858 2627 1044 2684 partes
1078 2616 1323 2683 predicte
1358 2616 1428 2667 ab
1463 2615 1779 2666 huiusmodi
1825 2615 2009 2681 pravis
2045 2614 2328 2680 contagiis,
2374 2614 2499 2667 assi·

492 2712 672 2753 stente
714 2703 815 2753 Dei
853 2701 1049 2768 gratia,
1079 2711 1481 2767 expurgentur,
1520 2718 1583 2751 ac
1605 2699 1732 2750 fidei
1763 2699 2029 2752 catholice
2066 2699 2214 2750 nitor
2250 2695 2503 2765 multiplii

493 2797 645 2837 cetur
680 2798 733 2837 et
773 2787 1038 2838 solidetur
1073 2785 1297 2848 ibidem,
1336 2803 1398 2837 ac
1436 2783 1632 2835 clarius
1670 2794 1725 2834 et
1760 2783 1992 2835 lucidius
2029 2784 2298 2836 elucescat
2315 2783 2371 2833 in
2401 2782 2501 2833 De-

492 2872 754 2923 honorem
789 2883 844 2922 et
878 2871 1124 2922 eiusdem
1162 2870 1289 2921 fidei
1322 2870 1742 2920 incrementum.
1781 2868 1858 2919 Ac
1904 2869 2125 2935 insuper
2171 2866 2497 2934 permittatis

491 2975 553 3007 ac
593 2957 763 3008 etiam
804 2956 1067 3007 ordinetis
1110 2955 1257 3021 quod
1300 2954 1548 3020 prefatus
1589 2953 1899 3019 inquisitor,
1941 2953 2114 3004 donec
2155 2963 2300 3005 certa
2340 2950 2495 3004 vadia

489 3041 601 3090 sive
635 3042 787 3106 gagia
822 3042 896 3108 (a)
929 3041 1034 3091 sibi
1066 3039 1273 3090 fuerint
1303 3038 1601 3104 assignata,
1634 3039 1699 3088 de
1731 3038 1886 3088 bonis
1943 3037 2307 3088 hereticorum
2349 3027 2494 3087 dam·

490 3136 749 3176 natorum
789 3125 1011 3176 interim
1052 3124 1341 3191 percipiat,
1384 3124 1527 3174 sicut
1567 3133 1650 3173 est
1690 3124 1956 3174 hactenus
2002 3122 2116 3172 fieri
2157 3131 2496 3180 consuetum;

489 3220 544 3259 et
591 3210 646 3260 in
693 3210 987 3276 premissis,
1037 3219 1204 3275 prout
1250 3209 1409 3274 plene
1457 3207 1805 3268 confidimus,
1855 3206 2042 3258 taliter
2090 3224 2185 3256 vos
2250 3202 2495 3256 habeatis

492 3295 638 3359 quod
685 3294 1126 3360 omnipotentem
1173 3292 1491 3354 Dominum,
1537 3291 1602 3341 de
1648 3291 1798 3341 cuius
1843 3290 2063 3356 negotio
2106 3289 2303 3355 agitur,
2348 3285 2494 3338 vobis

493 3380 845 3431 constituatis
879 3378 1200 3445 propitium,
1234 3395 1442 3443 nosque
1475 3376 1701 3443 provide
1746 3386 1927 3425 vestre
1974 3373 2280 3424 devotionis
2326 3388 2495 3438 prom·
2528 3396 2530 3410 ν

494 3463 830 3526 ptitudinem
890 3482 1001 3514 non
1060 3461 1335 3512 immerito
1397 3460 1781 3511 commendare
1842 3459 2130 3525 possimuS.
2193 3485 2260 3492 -—
2294 3456 2493 3506 Datum
2533 3450 2537 3494 ἕ

488 3546 761 3610 Avinioni,
801 3566 874 3597 xv
912 3547 1171 3598 kalendas
1207 3545 1358 3607 iunii,
1395 3563 1538 3596 anno
1574 3555 1747 3594 sexto.
2532 3537 2534 3548 ζ

544 3768 598 3822 (α)
635 3768 859 3821 Wadding
891 3783 900 3809 :
935 3769 1135 3822 grangia.
