2540 4354
446 350 550 409 420
838 369 1122 405 ΒυιιΑιΒΕ
1169 369 1240 400 ΒΕ
1284 347 1699 411 L'momsrrioN
1746 366 2063 413 FRANQAISE

455 487 799 554 inquisiteurs
836 497 880 536 et
915 486 975 535 de
1012 485 1148 535 leurs
1185 483 1462 550 familior-9,
1498 486 1532 534 ἀ
1567 484 1742 534 savoir
1776 504 1793 535 .·
1833 503 1933 535 une
1969 486 2221 551 premiere
2256 487 2377 553 sois,
2399 489 2451 539 la

448 589 641 621 somme
665 571 725 620 dc
749 569 782 619 4
803 569 908 620 000
934 568 1119 634 florins
1144 579 1189 618 et
1211 567 1338 634 puis
1363 567 1481 633 cinq
1506 568 1754 618 annuite-s·
1777 569 1838 619 de
1863 568 1967 619 800
1994 568 2180 635 florins
2206 572 2448 637 chacune‚

450 659 482 705 ἀ
512 665 735 720 compter
762 654 823 703 de
853 653 904 702 la
932 657 1164 718 presente
1193 656 1374 702 annce.
1406 653 1504 703 Ces
1533 671 1753 702 sommes
1781 664 1952 704 seront
1980 654 2233 720 prelevees
2261 675 2355 706 sur
2382 657 2451 707 les

450 739 641 788 caisses
688 737 1010 788 dioce'saines
1057 737 1143 786 des
1195 737 1339 786 biens
1390 737 1494 786 mal
1540 737 1721 803 aequis
1769 748 1813 787 et
1859 738 1945 788 des
1994 739 2098 803 legs
2149 739 2449 805 incertains,

449 823 571 873 dont
609 823 679 872 les
718 822 1011 872 ordinaires
1053 841 1114 871 ne
1152 832 1403 887 pourront
1441 822 1679 887 disposcr
1717 822 1948 887 pendant
1988 842 2066 873 ces
2105 824 2224 890 cinq
2263 829 2452 875 annees

449 926 544 973 quc
583 917 690 956 tout
730 917 916 956 autant
955 906 1113 972 qu’ils
1155 917 1344 956 auront
1383 906 1564 971 sourni
1607 907 1718 956 leur
1760 918 2054 973 quote-part
2094 908 2180 958 des
2234 927 2453 959 sommas

451 990 817 1041 mentionnces.
856 1019 926 1025 --
964 990 1296 1052 Villeneuve,
1339 989 1401 1040 17
1440 989 1559 1055 juin
1600 989 1751 1042 1375.

802 1141 908 1194 Reg.
939 1140 1054 1194 Vat„
1080 1147 1114 1181 t.
1142 1153 1347 1193 ccnxvn,
1370 1138 1447 1181 fol.
1474 1139 1550 1188 49;
1575 1139 1817 1193 Wadding‚
1843 1140 1918 1181 loc.
1946 1141 2033 1194 cit„
2058 1156 2101 1182 n.
2130 1156 2234 1182 xx11
2264 1141 2328 1196 (in
2343 1143 2456 1197 ext).

526 1283 937 1336 venerabilibus
969 1282 1230 1334 fratribus
1253 1320 1282 1332 ..
1302 1281 1513 1347 Aquen.
1546 1281 1638 1347 (a),
1683 1321 1694 1332 .
1717 1321 1727 1332 .
1756 1282 2122 1347 Ebredunen.,
2146 1323 2173 1334 ..
2196 1284 2454 1337 Viennen.

449 1381 554 1420 et„
600 1368 979 1421 Tarantasien.
1021 1365 1442 1432 archiepiscopis
1484 1384 1783 1432 eorumque
1802 1367 2454 1432 suffraganeis,salutem‚

449 1464 552 1504 etc.
581 1482 651 1489 -—
676 1453 760 1504 Ad
785 1454 952 1502 robur
978 1451 1244 1503 catholice
1274 1450 1417 1513 fidei,
1445 1451 1558 1500 sine
1586 1469 1692 1516 qua
1718 1469 1829 1502 non
1853 1462 1937 1502 est
1963 1453 2125 1515 salus,
2153 1454 2454 1512 dinoscitur

449 1538 741 1604 pertinere,
786 1547 850 1588 ut
892 1536 1182 1604 perniciosi
1224 1535 1464 1598 heretici,
1512 1536 1901 1601 depravatores
1946 1548 2002 1587 et
2044 1538 2452 1603 impugnatores

449 1623 695 1673 eiusdem
751 1621 895 1684 fidei,
949 1639 1248 1686 eorumque
1302 1619 1544 1671 fautores
1593 1631 1715 1670 -tam
1769 1622 1837 1671 ad
1892 1639 2090 1686 penam
2158 1641 2323 1688 quam
2388 1623 2453 1673 ad

453 1707 761 1758 custodiam
791 1707 847 1756 in
876 1705 1181 1756 carceribus
1212 1715 1268 1754 et
1297 1704 1528 1754 vinculis
1560 1716 1869 1768 arceantur,
1899 1724 1966 1756 ne
1994 1707 2117 1757 labe
2146 1725 2240 1757 sue
2270 1717 2453 1757 conta-

455 1792 624 1855 gionis
659 1790 914 1857 pestifere
949 1790 1159 1856 puritas
1198 1789 1442 1839 fidelium
1477 1789 1799 1840 maculetur.
1838 1789 1978 1840 Sane
2014 1791 2141 1856 quia
2176 1791 2231 1842 in
2266 1791 2454 1856 aliqui-

456 1879 554 1926 bus
583 1875 779 1926 vestris
808 1875 1128 1926 civitatibus
1156 1884 1212 1924 et
1240 1873 1545 1924 diocesibus
1573 1874 1822 1924 nonnulli
1850 1875 2090 1937 heretici,
2112 1876 2257 1941 quod
2276 1875 2460 1925 dalem

452 1971 535 2009 ter
564 1960 865 2023 referimus,
897 1977 992 2026 per
1022 1959 1249 2009 dilectos
1283 1959 1421 2008 filios
1442 1997 1472 2008 ..
1505 1958 1855 2023 inquisitores
1887 1959 2181 2025 pravitatis
2227 1960 2456 2010 heretice

454 2046 509 2095 in
566 2044 725 2095 dictis
782 2044 978 2094 vestris
1035 2043 1355 2094 civitatibus
1413 2053 1470 2092 et
1526 2043 1830 2093 diocesibus
1889 2045 2205 2109 deputatos,
2260 2043 2459 2110 reperti

455 2130 730 2192 dicuntur,
761 2139 1097 2195 oportunum
1126 2128 1241 2178 fore
1271 2127 1576 2178 dinoscitur
1605 2128 1751 2193 quod
1783 2129 2134 2195 quamplures
2164 2148 2227 2180 ac
2279 2127 2459 2194 magni

454 2225 506 2263 et
549 2214 715 2264 fortes
756 2213 896 2264 muri
936 2232 1029 2263 seu
1071 2231 1309 2264 carceres
1351 2231 1445 2278 pro
1488 2212 1685 2263 talium
1725 2203 2106 2278 perversorum
2145 2214 2456 2264 detentione

457 2299 700 2350 celeriter
734 2298 1062 2359 habeantur,
1098 2308 1154 2347 et
1190 2308 1446 2363 proptera
1482 2315 1580 2347 nos
1618 2297 1846 2362 provida
1882 2298 2273 2349 deliberatione
2309 2316 2456 2348 man·

459 2383 712 2434 davimus
761 2394 823 2432 ut
869 2383 925 2435 in
974 2383 1292 2433 civitatibus
1326 2384 1606 2444 Viennen.,
1642 2382 1987 2433 Ebredunen.
2035 2393 2093 2432 et
2140 2383 2460 2433 Avinionen.

463 2467 776 2518 huiusmodi
803 2485 1039 2518 carceres
1068 2478 1461 2518 construantur
1487 2478 1542 2516 et
1570 2486 1665 2533 pro
1692 2467 1942 2532 expensis
1983 2467 2185 2518 fabrice
2223 2467 2459 2533 ipsorum

458 2570 735 2603 carcerum
770 2563 826 2601 et
862 2570 958 2618 pro
995 2552 1275 2605 alimentis
1313 2553 1768 2603 carcerandorum
1803 2552 1860 2603 in
1894 2551 1986 2614 eis,
2023 2570 2086 2603 ac
2122 2569 2217 2618 pro
2285 2550 2459 2618 provi-

460 2637 608 2687 sione
657 2637 975 2688 eorumdem
1028 2637 1416 2703 inquisitorum
1468 2655 1804 2702 suorumque
1855 2636 2227 2700 familiarium,
2279 2620 2334 2686 et
2366 2652 2458 2701 pro

462 2722 620 2771 certis
656 2721 772 2772 aliis
808 2722 1057 2787 expensis
1093 2722 1408 2773 necessariis
1446 2740 1542 2787 pro
1582 2721 1958 2786 Inquisitionis
1994 2721 2139 2771 dicte
2173 2719 2459 2787 pravitatis

459 2805 632 2855 officio
687 2807 1006 2869 exercendo,
1063 2818 1301 2872 quatuor
1355 2806 1502 2858 milia
1556 2806 1817 2856 videlicet
1870 2806 2197 2856 florenorum
2249 2804 2365 2856 auri
2395 2804 2459 2853 de

461 2890 734 2941 Florentia
784 2892 967 2952 semel,
1017 2902 1073 2941 et
1123 2892 1267 2942 ultra
1318 2891 1634 2941 huiusmodi
1685 2907 1960 2941 summam
2011 2891 2336 2940 florenorum
2366 2905 2462 2940 an-

459 2975 673 3025 nuatim
707 2992 880 3039 usque
911 2976 980 3025 ad
1015 2975 1257 3042 quinque
1290 2982 1462 3027 annos
1496 2974 1742 3040 proxime
1776 2974 1991 3024 futuros
2025 2992 2120 3039 pro
2155 2969 2459 3023 huiusmodi

461 3059 752 3122 alimentis,
802 3060 1111 3124 provisione
1157 3071 1214 3110 et
1259 3061 1376 3111 aliis
1424 3059 1674 3125 expensis
1723 3059 1857 3109 dicti
1904 3057 2063 3108 officii
2124 3058 2458 3122 octingentos

466 3142 694 3192 florenos
732 3144 851 3194 auri
888 3145 953 3194 de
993 3146 1131 3196 male
1170 3144 1368 3198 ablatis
1406 3155 1462 3194 et
1514 3143 1706 3209 legatis
1758 3143 1977 3193 incertis
2030 3143 2323 3192 earundem
2374 3157 2462 3189 ve-

460 3237 697 3277 strarum
736 3228 1028 3279 civitatum
1065 3240 1121 3279 et
1158 3229 1435 3279 diocesum
1488 3226 2185 3297 duximus-deputanda3et
2222 3243 2316 3291 pro
2349 3240 2459 3290 pre·

463 3311 621 3361 (lictis
657 3313 837 3363 omnia
874 3324 930 3363 et
963 3315 1174 3379 singula
1210 3315 1350 3365 male
1385 3313 1573 3364 ablata
1609 3323 1664 3361 et
1699 3313 1878 3376 legata
1913 3311 2122 3361 incerta
2158 3305 2460 3360 huiusmodi

465 3395 736 3447 dictarum
771 3394 1084 3450 vestrarum
1115 3400 1408 3450 civitatum
1442 3409 1498 3447 et
1531 3398 1828 3459 diocesum,
1863 3396 2035 3446 donec
2072 3396 2218 3446 dicta
2252 3410 2455 3445 summa

462 3490 701 3544 quatuor
733 3483 943 3534 milium
978 3484 1305 3534 florenorum
1338 3483 1506 3533 semel
1537 3492 1592 3530 et
1624 3481 1832 3545 integre
1853 3491 1909 3529 et
1926 3479 2215 3532 annuatim
2235 3474 2456 3544 predicti

458 3564 758 3629 octingenti
796 3568 982 3618 floreni
1019 3568 1222 3619 fuerint
1259 3566 1538 3634 persoluti,
1576 3565 1907 3616 auctoritate
1946 3564 2246 3629 apostolica
2285 3559 2452 3627 appli-

511 3748 566 3800 (α)
602 3750 827 3805 Vv'adding
859 3770 870 3798 ς
904 3754 1138 3808 Arelatem,
1170 3755 1368 3810 Aquen..
1388 3785 1397 3798 .

2538 3385 2540 3440 j

2536 3462 2540 3504 ε

2531 3667 2536 3721 ε’

2528 3787 2533 3841 ι’
