2540 4354
480 361 580 424 468
866 378 1153 412 nummus
1195 378 1270 410 niz
1313 361 1727 420 L’1Nouis1r1oN
1774 378 2091 423 FRANQAISE

444 552 450 557 Γ
534 495 576 535 5.
612 492 752 535 Henri
782 493 960 546 Bayler,
992 492 1267 535 archidiacre
1299 494 1354 535 de
1402 493 1628 546 Cambrai,
1673 493 1909 549 chapelain
1954 502 2002 535 et
2046 493 2259 535 camel-ier
2303 495 2359 536 de
2390 495 2482 538 Cle-

441 620 444 623 ·
479 571 606 609 ment
635 563 746 613 VI1;
778 563 970 604 d’abord
1001 563 1175 605 destine
1205 578 1264 604 au
1293 563 1413 617 siege
1441 565 1496 605 de
1527 563 1778 605 Constance
1797 563 1867 618 (22
1887 578 2006 606 mars
2036 564 2189 617 1387);
2211 564 2431 607 transfere
2458 567 2485 606 a

484 631 677 675 Valence
699 638 746 674 et
766 632 865 686 Die,
886 633 925 674 le
947 634 1000 674 15
1022 632 1170 686 juillet
1190 633 1325 683 138&
1347 634 1469 675 enfin
1491 635 1516 674 ἐι
1537 634 1657 687 Alet,
1677 630 1791 675 le'27
1814 633 1906 676 mai
1926 634 2059 683 1390;
2081 642 2204 675 mort
2238 647 2335 676 vers
2357 635 2482 676 1421.

487 703 598 744 Gall.
624 702 787 755 christ„
812 711 846 743 t.
873 717 937 756 v1,
962 702 1044 744 col.
1071 704 1175 753 276;
1204 699 1363 756 Eubel,
1387 703 1530 755 Hier„
1555 711 1588 745 t.
1615 717 1647 757 1,
1672 718 1715 758 p.
1742 704 1841 757 212,
1866 704 1965 757 246,
1982 704 2080 745 543.

539 776 578 815 6.
612 773 810 814 Antoine
835 775 890 814 de
915 773 1092 826 Lovier,
1118 774 1353 828 chapelain
1379 774 1434 814 de
1459 773 1662 815 Clement
1687 773 1798 823 VII;
1825 774 2015 815 d'abord
2041 775 2212 827 eveque
2237 775 2292 815 de
2309 774 2482 818 Rennes

441 879 453 884 i
489 843 558 897 (27
583 843 694 884 aout
715 843 869 895 1386);
896 843 1114 884 transfere
1137 845 1164 885 ὲ
1187 843 1499 898 Maguelonne,
1522 844 1561 884 le
1585 845 1639 885 15
1663 845 1849 885 octobre
1870 844 2003 894 1389;
2028 851 2149 885 mort
2170 844 2211 884 le
2233 845 2286 885 23
2304 846 2484 888 octobre

484 914 614 955 1405.
645 913 758 955 Gall.
783 914 944 966 christ„
968 922 1001 954 t.
1027 928 1091 966 vl,
1114 914 1196 956 col.
1221 915 1432 963 795-7973
1458 921 1490 955 t.
1516 928 1615 967 x1v,
1638 915 1719 957 col.
1745 915 1846 968 7573
1872 914 2030 967 Eubel,
2052 914 2194 967 Hier„
2217 922 2250 956 t.
2275 928 2307 967 1,
2323 929 2366 969 p.
2389 917 2486 972 334,

466 970 564 1026 438.

1278 1404 1633 1464 -328—

502 1566 766 1636 *Antoine
814 1568 1086 1634 Alphand,
1140 1568 1462 1635 inquisiteur
1509 1567 1644 1617 dans
1693 1566 1736 1615 le
1781 1563 2089 1631 Dauphine,
2139 1564 2260 1617 s’esl
2305 1567 2477 1636 plaing

458 1669 531 1701 au
566 1668 707 1718 pape
743 1652 803 1702 de
841 1671 891 1702 ce
928 1671 1024 1719 que
1059 1653 1314 1704 cer-taines
1351 1670 1640 1719 personnes
1676 1650 1748 1700 du
1789 1649 2040 1714 bailliage
2076 1650 2149 1700 du
2184 1650 2474 1714 Briancon·

458 1735 579 1785 nais
618 1736 849 1802 rejacent
887 1737 948 1786 de
985 1742 1311 1789 reconnaitre
1348 1757 1444 1788 son
1483 1735 1721 1797 αιιιονίιέ,
1768 1733 1887 1784 bien
1924 1752 2020 1799 que
2069 1733 2258 1800 depuis
2309 1736 2475 1802 vingt·
2521 1763 2525 1767 -

455 1819 576 1886 cinq
624 1822 817 1870 αηηέεε
865 1822 937 1872 les
986 1822 1336 1888 inquisiteurs
1384 1840 1463 1870 ses
1481 1821 1871 1887 predecesseurs
1889 1818 2473 1884 aienttoujoursexercei

454 1905 507 1954 la
537 1905 649 1954 leur
678 1924 771 1955 sur
802 1925 881 1956 ces
912 1911 1156 1958 contre'es.
1191 1907 1569 1972 L’archeveque
1601 1904 1903 1955 d’Embrun
1933 1913 2006 1953 est
2036 1903 2224 1968 charge
2251 1905 2311 1956 de
2339 1906 2473 1971 faire

447 2004 555 2039 'une
585 1994 797 2056 enquete
826 2002 871 2041 et
901 1991 961 2041 de
992 1992 1344 2054 contraindre‚
1376 1992 1466 2041 s’il
1494 2011 1527 2057 y
1558 2009 1591 2040 a
1621 1989 1743 2051 lieu,
1778 1989 1849 2038 les
1867 1987 2341 2040 re'calcitranaedla
2356 2009 2469 2041 sou·

443 2073 690 2141 Lmission.
730 2103 798 2110 —
833 2076 1105 2142 Avignon,
1144 2076 1210 2127 28
1247 2075 1445 2128 fevrier
1483 2075 1636 2128 1395.

803 2211 907 2265 Reg.
938 2212 1093 2267 Aven„
1121 2220 1154 2254 t.
1186 2225 1390 2266 cthxx,
1417 2211 1493 2254 fol.
1524 2213 1607 2253 226
1637 2215 1702 2253 v0.

525 2335 658 2386 Ven.
699 2335 859 2385 fratri
898 2333 1309 2401 archiepiscopo
1354 2334 1704 2386 Ebredunen.
1730 2333 1766 2397 ¹,
1786 2335 2041 2397 salutem,
2064 2332 2469 2386 etc.—Petitio

447 2421 639 2489 dilecti
678 2420 775 2470 filii
812 2418 1042 2472 Antonii
1079 2418 1361 2486 Alphandi
1384 2418 1421 2482 ²,
1461 2418 1664 2471 ordinis
1703 2419 1942 2469 fratrum
1974 2418 2247 2470 minorum
2265 2418 2465 2486 profes-

447 2506 601 2568 soris,
649 2524 790 2570 mag.
838 2504 893 2553 in
939 2502 1235 2569 theologia,
1281 2502 1625 2569 inquisitoris
1670 2503 1908 2555 heretice
1954 2503 2250 2570 pravitatis
2267 2501 2323 2554 in
2343 2502 2462 2553 Dal-

446 2590 683 2657 phinatu
739 2582 1025 2652 Viennen.,
1075 2587 1234 2639 nobis
1286 2606 1460 2655 nuper
1510 2587 1759 2639 exhibita
1781 2587 2107 2640 continebat
2157 2587 2303 2654 quod
2351 2586 2461 2653 ipse

444 2685 500 2725 et
534 2676 944 2741 predecessores
980 2672 1064 2723 sui
1097 2672 1449 2739 inquisitores
1485 2672 1631 2724 dicte
1666 2671 1964 2740 pravitatis
1999 2671 2054 2722 in
2088 2670 2302 2739 prefato
2340 2669 2461 2721 Dal-

443 2758 680 2825 phinatu
724 2757 972 2809 officium'
1012 2756 1393 2823 Inquisitionis
1438 2754 1758 2809 huiusmodi
1799 2757 1855 2808 in
1901 2755 2173 2810 ballivatu
2215 2754 2460 2808 Brienso-

438 2862 566 2895 nen.
595 2843 630 2906 ³,
672 2843 766 2910 qui
800 2842 856 2895 in
894 2842 1043 2893 dicto
1085 2841 1430 2909 Dalphinatu
1468 2841 1676 2906 existit,
1698 2859 1794 2909 per
1810 2840 2254 2909 vigintiquinque
2290 2857 2456 2893 annos

438 2926 687 2994 proxime
723 2923 1014 2993 preteritas
1054 2935 1419 2976 exercuerunt
1454 2935 1509 2975 et
1546 2927 1694 2992 quod
1731 2926 1994 2978 nonnulle
2030 2942 2258 2993 persone
2293 2922 2456 2992 ipsius

438 3012 737 3064 ballivatus
786 3011 965 3063 eidem
1015 3010 1298 3062 Anthonio
1345 3011 1401 3061 in
1464 3010 1639 3062 officio
1707 3009 2085 3077 Inquisitionis
2149 3005 2456 3061 huiusmodi

438 3097 656 3147 obedire
689 3116 750 3148 ac
783 3113 969 3162 parere
990 3105 1263 3147 recusant.
1300 3096 1409 3148 Nos
1441 3095 1609 3162 igitur
1638 3094 1809 3162 ipsius
1829 3094 2098 3148 Anthonii
2113 3094 2168 3148 in
2185 3094 2286 3145 hac
2302 3087 2466 3160 parte
2538 3141 2540 3164 j

435 3180 933 3247 supplicationibus
973 3179 1226 3231 inclinati
1265 3199 1326 3235 ac
1367 3182 1434 3232 de
1473 3179 1748 3247 premissis
1791 3189 1998 3231 certam
2037 3177 2298 3232 noticiam
2347 3195 2452 3230 non
2538 3165 2540 3195 ζ

433 3265 722 3329 habentes,
749 3265 877 3319 frat.
907 3275 1002 3315 tue
1028 3267 1096 3317 de
1123 3283 1232 3332 qua
1256 3264 1313 3318 in
1339 3265 1442 3315 hiis
1469 3275 1526 3314 et
1551 3263 1670 3315 aliis
1710 3265 1933 3332 plenam
1965 3263 2023 3317 in
2051 3263 2284 3314 Domino
2318 3261 2449 3312 fidu·

433 3348 574 3399 ciam
615 3349 930 3403 obtinemus
972 3368 1067 3416 per
1083 3349 1389 3416 apostolica
1408 3349 1614 3415 scripta
1635 3348 2036 3399 committimus
2053 3359 2110 3398 et
2129 3348 2446 3401 mandamus
2530 3370 2533 3410 ς

434 3434 696 3498 quatinus
740 3433 784 3484 si
825 3433 1090 3500 premissa
1135 3434 1249 3485 fore
1292 3453 1422 3488 vera
1482 3432 1782 3500 reppereris
1826 3451 2217 3500 ,quascumque
2273 3446 2446 3497 perso·
2526 3452 2530 3499 j

429 3536 545 3580 nas,
605 3518 998 3585 cuiuscumque
1055 3517 1342 3584 dignitatis
1398 3528 1499 3570 aut
1565 3517 1968 3585 preeminencie
2024 3515 2248 3579 fuerint,
2313 3510 2446 3566 dicti
2525 3542 2527 3566 ι

426 3602 727 3654 ballivatus
769 3605 836 3654 ad
877 3601 1248 3654 obediendum
1285 3613 1342 3652 et
1380 3604 1690 3669 parendum
1726 3600 1908 3652 eidem
1946 3600 2189 3653 Antonio
2239 3598 2294 3650 in
2343 3594 2440 3647 hiis
2522 3622 2525 3650 ι

426 3683 530 3751 que
576 3697 918 3738 concernunt
963 3685 1177 3737 dictum
1225 3687 1464 3738 officium
1508 3696 1566 3737 et
1610 3686 1724 3737 eius
1744 3685 2076 3736 exercicium
2105 3681 2432 3736 auctoritate
2518 3695 2522 3747 g

419 3780 607 3820 nostra
655 3771 975 3836 compellas;
1021 3789 1132 3822 non
1178 3773 1438 3826 obstante
1481 3771 1526 3821 si
1567 3770 1774 3823 eisdem
1818 3768 2060 3836 personis
2095 3765 2429 3839 vel-quibus·
2516 3788 2519 3816 l
