2540 4354
500 376 602 429 404
768 364 770 366 .
892 391 1178 427 nuruum
1221 394 1297 425 DE
1341 370 1751 434 L’1NQu1s1‘rroN
1797 390 2115 438 FRANcAlsss

495 512 595 577 fait
636 530 703 561 οιι
744 510 821 561 lui
862 510 1029 575 serent
1069 509 1342 571 donation,
1387 529 1453 559 ou
1498 510 1617 560 bien
1655 509 1787 575 qu’il
1827 526 2078 575 acquerra
2117 509 2502 575 legitimement.

497 596 524 645 Ι
530 597 547 645 l
568 613 767 661 pour-ra
787 614 821 661 y
843 594 978 660 faire
1002 594 1290 644 construit-e
1313 613 1379 645 ou
1403 613 1436 660 y
1459 593 1732 658 organiser
1756 594 1809 643 la
1831 595 2044 644 culture.
2072 622 2141 629 —
2165 595 2503 647 Villeneuve-

491 679 867 744 les-Avignon,
907 679 972 729 22
1012 698 1154 730 mars
1196 678 1347 730 1374.

833 812 938 864 Reg.
969 813 1084 865 Val.‚
1109 819 1142 853 t.
1169 825 1404 864 ccrxxxv,
1429 811 1505 852 fol.
1531 812 1606 860 76;
1632 811 1736 864 Reg.
1763 811 1917 863 Auen„
1941 818 1975 852 t.
2002 824 2145 864 cxcn,
2169 810 2245 853 fol.
2270 812 2354 853 242
2378 817 2443 855 νο.

563 936 774 986 Dilecto
830 935 938 985 filio
990 934 1268 985 Ber-nardo
1323 933 1626 995 Versavini,
1678 933 1815 984 laico
1871 933 2187 986 Narbonen.
2254 935 2497 999 diocesis,

490 1020 746 1072 familiari
786 1029 994 1082 nostro,
1039 1019 1293 1081 salutem,
1335 1028 1440 1069 etc.
1485 1046 1554 1053 —
1595 1017 1809 1068 Sincere
1852 1017 2160 1069 devotionis
2203 1019 2496 1072 affectus..-

489 1106 631 1157 Sane
663 1105 858 1171 petitio
879 1121 976 1169 pro
996 1113 1153 1169 parte
1184 1113 1282 1156 tua
1314 1103 1471 1153 nobis
1503 1119 1678 1168 nuper
1707 1102 1956 1154 exhibita
1990 1102 2312 1154 continebat
2357 1105 2500 1169 quod

488 1191 618 1241 olim
664 1190 720 1240 in
769 1189 1103 1249 Narbonen„
1151 1187 1464 1249 Tholosan.,
1514 1187 1920 1249 Carcassonen.,
1957 1186 2188 1250 Albien.,
2238 1187 2501 1247 Castren.,

490 1275 754 1337 Electen.,
793 1272 1213 1339 Appamiarum,
1236 1271 1425 1324 Sancti
1464 1271 1658 1337 Papuli
1691 1281 1750 1321 et
1786 1271 2129 1337 Mirapiscen.
2182 1271 2499 1324 civitatibus

487 1371 543 1410 et
581 1358 887 1409 diocesibus
927 1357 1189 1409 nonnulle
1229 1374 1457 1423 persone
1496 1374 1656 1406 sexus
1696 1355 1982 1422 utriusque
2023 1356 2223 1407 heresis
2277 1357 2496 1409 crimine

487 1445 800 1495 laborantes
825 1460 919 1508 per
940 1441 1293 1507 inquisitores
1315 1439 1551 1490 heretice
1575 1439 1869 1506 pravitatis
1892 1450 2026 1491 tunc
2047 1440 2103 1492 in
2125 1441 2229 1491 illis
2251 1442 2498 1508 partibus

487 1529 784 1594 deputatos
826 1545 920 1593 per
960 1545 1148 1576 eorum
1189 1525 1509 1587 sententias,
1553 1542 1658 1590 que
1697 1525 1973 1576 nonnullis
2015 1526 2496 1591 provocationibus

483 1630 763 1679 suspense,
818 1612 874 1661 in
910 1629 1026 1660 rem
1066 1610 1392 1661 iamdudum
1431 1609 1811 1660 transiverunt
1850 1609 2153 1661 iudicatam
2191 1610 2394 1663 fuerint
2433 1613 2496 1663 de

485 1698 601 1764 ipso
646 1697 868 1747 crimine
910 1696 1334 1761 condempnate,
1367 1711 1668 1759 earumque
1688 1694 1946 1760 hospitia,
1979 1695 2388 1762 casalia,pacua
2425 1698 2498 1763 (a)

488 1783 626 1848 (sic),
665 1781 1032 1847 possessiones
1069 1790 1126 1830 et
1165 1780 1309 1829 bona
1350 1796 1447 1844 per
1485 1778 1660 1828 dictos
1679 1778 2029 1844 inquisitores
2049 1790 2311 1846 perpetue
2346 1781 2496 1833 ruine

486 1878 541 1916 et
580 1865 923 1932 sterquilinio
964 1865 1234 1930 deputata
1263 1864 1308 1925 ¹3
1350 1881 1455 1929 que
1496 1863 1718 1928 quidem
1773 1864 1990 1926 casalia,
2046 1882 2239 1930 pacua,
2293 1883 2494 1931 posses·

485 1952 660 2002 siones
697 1962 752 2000 et
788 1952 929 2001 bona
969 1950 1037 2000 ad
1077 1949 1219 2000 clare
1257 1948 1517 1998 memorie
1552 1965 1703 2013 reges
1743 1947 2079 1999 Francorum
2132 1949 2226 2016 qui
2274 1950 2495 2006 fuerunt

484 2054 582 2103 pro
619 2046 866 2101 tempore
903 2034 1204 2084 secundum
1256 2050 1462 2082 morem
1514 2032 1691 2098 patrie
1727 2032 1841 2082 iure
1879 2033 2286 2085 confiscationis
2309 2053 2495 2101 perve-

490 2121 672 2172 nerint
711 2131 766 2170 et
792 2137 937 2170 nunc
964 2119 1033 2170 ad
1062 2117 1402 2169 carissimum
1428 2117 1484 2168 in
1511 2116 1725 2167 Christo
1755 2117 1927 2167 filium
1954 2128 2204 2169 nostrum
2232 2119 2496 2184 Carolum,

481 2224 663 2272 regem
706 2205 1039 2256 Francorum
1082 2204 1369 2264 illustrem,
1410 2202 1603 2252 eodem
1645 2202 1758 2252 iure
1789 2202 2059 2268 pertinere
2101 2214 2494 2268 noscantur3et

482 2292 629 2359 quod
658 2302 720 2341 tu
750 2291 815 2340 de
844 2288 1159 2339 huiusmodi
1201 2286 1489 2350 casalibus,
1533 2287 1738 2352 pacuiS,
1782 2287 2214 2353 possessionibus
2241 2300 2297 2340 et
2338 2289 2489 2341 bonis

480 2387 536 2428 te
566 2394 723 2443 posse
753 2394 782 2426 a
816 2375 961 2425 dicto
993 2391 1116 2438 rege
1146 2374 1280 2423 vela
1313 2371 1590 2423 carissimo
1621 2371 1678 2422 in
1709 2371 1923 2423 Christo
1958 2372 2069 2424 fi‘lio
2099 2384 2284 2425 nostro
2317 2374 2490 2425 Ludo·

480 2462 600 2512 vico
627 2463 663 2523 2,
696 2461 837 2513 clare
868 2459 1128 2509 memorie
1161 2458 1195 2508 J
1201 2456 1450 2519 ohannis,
1480 2456 1622 2522 regis
1654 2456 2006 2521 Francorum,
2026 2459 2263 2509 secundo
2295 2459 2492 2524 genito,

479 2546 615 2596 duce
653 2545 1027 2609 Andegaven.,
1065 2541 1299 2608 predicti
1335 2540 1512 2592 Caroli
1545 2540 1684 2606 regis
1723 2559 1981 2606 germano
2016 2552 2071 2592 et
2086 2542 2491 2594 locumtenente

477 2630 532 2680 in
569 2630 819 2696 partibus
860 2627 1159 2689 OccitaniS,
1196 2636 1296 2696 aut
1333 2625 1578 2692 personis
1615 2625 1734 2676 aliis
1772 2625 1829 2676 in
1867 2644 2102 2692 quarum
2117 2626 2489 2679 iurisdictione

477 2714 700 2776 casalia,
751 2731 946 2779 pacua,
997 2711 1365 2778 possessiones
1414 2721 1471 2760 et
1521 2711 1664 2761 bona
1716 2709 2033 2762 huiusmodi
2081 2711 2267 2764 foa-san
2314 2711 2488 2762 forent

473 2798 790 2850 donationis
822 2798 907 2846 vel
938 2796 1043 2846 elio
1075 2795 1220 2846 iusto
1251 2795 1417 2844 titulo
1448 2793 1728 2860 acquirere
1757 2813 1962 2861 speraS,
1993 2795 2038 2847 si
2067 2795 2172 2846 tibi
2189 2814 2284 2863 per
2301 2795 2487 2847 Sedem

479 2883 838 2950 apostolicam
890 2882 945 2932 in
994 2881 1284 2942 casalibus,
1334 2879 1544 2945 pacuis,
1575 2879 2010 2944 possessionibus
2057 2892 2113 2931 et
2161 2882 2314 2932 bonis
2361 2880 2487 2948 ipsis

474 2968 690 3019 edificia
724 2965 1079 3017 construendi
1111 2975 1167 3014 et
1201 2963 1512 3026 habitandi,
1547 2963 1749 3029 illaque
1782 2957 1995 3015 colendi
2029 2976 2300 3031 oportuna
2331 2965 2485 3017 licen-

474 3054 550 3104 tia
581 3052 886 3117 largiretur.
923 3051 1101 3113 Quare
1131 3049 1290 3100 nobis
1322 3066 1419 3114 pro
1453 3058 1610 3114 parte
1641 3058 1738 3099 tua
1770 3048 1879 3099 fuit
1910 3050 2191 3100 humiliter
2221 3050 2484 3116 supplica-

473 3150 594 3189 tum
631 3148 694 3186 ut
729 3136 832 3186 tibi
868 3135 1087 3200 tuisque
1107 3131 1600 3183 commoditatibus
1620 3132 1906 3198 providere
1925 3143 1982 3183 et
2011 3134 2290 3186 licentiam
2309 3133 2484 3184 huius-

475 3222 622 3273 modi
657 3220 948 3271 concedere
986 3219 1052 3268 de
1089 3217 1430 3282 benignitate
1478 3217 1781 3282 apostolica
1830 3217 2198 3282 dignaremur.
2251 3219 2357 3269 Nos
2391 3218 2480 3283 igi-

472 3319 563 3357 tur
605 3307 851 3356 volentes
896 3315 970 3366 te,
1016 3303 1110 3368 qui
1152 3301 1355 3368 prefati
1411 3301 1562 3352 ducis
1622 3301 1944 3352 secretarius
2001 3302 2208 3366 existiS,
2265 3313 2480 3352 tuorum
2535 3312 2537 3338 ῑ

473 3391 793 3442 meritorum
826 3387 1092 3454 (tuorum)
1124 3386 1333 3436 intuitu
1364 3386 1555 3437 favore
1598 3385 1855 3451 prosequi
1900 3386 2229 3450 gracioso,...
2263 3386 2362 3436 tibi
2392 3402 2481 3451 per
2531 3398 2534 3455 j

473 3487 544 3538 te,
581 3475 802 3524 heredes
837 3484 892 3523 et
927 3489 1262 3522 successores
1298 3481 1423 3521 tuos
1459 3486 1837 3536 quoscumque
1871 3470 1926 3520 in
1961 3470 2064 3520 illis
2100 3489 2167 3520 ex
2203 3470 2478 3531 casalibus,
2529 3486 2532 3497 ·

473 3559 678 3625 pacuis,
724 3556 1156 3624 possessionibus
1201 3565 1257 3604 et
1303 3554 1459 3605 bonis
1506 3553 1765 3620 predictis
1812 3571 1916 3619 que
1962 3572 2056 3619 per
2076 3565 2173 3606 tea
2218 3573 2354 3620 rege,
2398 3551 2478 3603 vel
2526 3540 2530 3591 l

473 3645 606 3693 duce
655 3642 881 3709 prefatis
930 3651 1028 3691 aut
1076 3639 1321 3707 personis
1371 3638 1490 3690 aliis
1541 3637 1686 3687 iusto
1735 3637 1899 3687 titulo
1932 3639 2140 3704 acquiri
2188 3639 2475 3702 continget,
2522 3692 2525 3705 ⁴

532 3792 583 3848 (a)
620 3792 730 3831 Sans
773 3791 944 3830 doute:
971 3803 1149 3844 pascua.
