2540 4354
969 403 1116 439 ssu«
1159 403 1282 438 xxn
2062 390 2130 443 67

978 604 1274 664 ..36-

222 744 293 795 Le
326 762 464 811 pape
497 744 696 810 consere
729 747 763 794 ὰ
799 742 1058 809 Ηέςίηαίά
1097 741 1358 802 Grosbois,
1396 761 1676 808 procureur
1709 745 1769 794 de
1800 745 2039 810 l’abbaye
2073 747 2132 795 de

96 882 98 886 ,
153 826 500 881 Marmoutier
527 831 717 894 aupres
746 826 807 876 de
835 827 888 877 la
915 825 1073 887 curie,
1106 827 1150 876 le
1178 826 1386 891 prieurs³
1414 827 1474 876 de
1514 827 2135 878 Saint-Martin-au·Val

98 915 103 923 '
144 910 183 965 d
225 910 483 972 chartres,
523 921 707 961 vacant
742 928 841 977 par
891 910 943 960 la
992 920 1224 960 sentence
1258 910 1318 959 de
1355 909 1619 975 privation
1666 914 1950 976 prononce'e
1966 922 2133 960 contre

87 1054 92 1058 .
150 990 319 1045 othon
351 992 412 1042 de
447 991 697 1053 Ηαηάοίε,
733 1011 800 1042 ou
841 990 1138 1055 Berenicis,
1167 990 1420 1058 here'tique
1453 1004 1498 1043 et
1532 991 2132 1059 pariare.—Avignon,

8 1101 14 1129 z
112 1085 122 1107 ¹
152 1073 217 1126 14
233 1073 513 1126 decembre
534 1074 662 1126 1321
692 1075 729 1126 ¹.

487 1195 594 1250 Reg.
618 1194 771 1249 Auen„
795 1204 827 1239 t.
853 1197 1048 1249 xv1,fol.
1073 1198 1157 1239 260
1182 1197 2128 1252 v0‚n.333;M011at,0p.cie.,n.14864

437 1265 604 1319 (anah).

106 1419 107 1423 Ἰ
182 1403 185 1406 ⁴
225 1353 433 1405 Dilecto
472 1353 581 1404 filio
621 1354 919 1419 Reginaldo
958 1356 1229 1417 Grosbois,
1269 1357 1533 1406 monacho
1572 1356 1784 1407 Maioris
1823 1356 2134 1406 monasterii

109 1425 112 1428 ¹
148 1436 420 1490 Turonen.
453 1436 522 1487 ad
555 1454 838 1488 romanam
875 1438 1170 1488 Ecclesiam
1203 1439 1350 1489 nullo
1399 1439 1575 1489 medio
1623 1438 1960 1504 pertinentis,
1994 1437 2132 1487 ordi-

112 1542 115 1546 ’
149 1518 231 1573 nie
258 1519 436 1571 sancti
463 1519 761 1582 Benedicti,
794 1519 956 1587 priori
986 1519 1257 1587 prioratus
1287 1522 1463 1572 sancti
1497 1522 1714 1572 Martini
1742 1522 1796 1571 in
1830 1522 1977 1571 Valle
2008 1523 2131 1572 Car·

117 1613 329 1656 ’ntem
367 1602 499 1654 dicti
555 1602 775 1666 ordinis,
812 1604 986 1655 eidem
1022 1605 1350 1655 monasterio
1377 1605 1690 1655 immediate
1724 1604 1969 1666 subiecti,
1988 1605 2131 1656 salu-

146 1696 279 1749 Uen,
305 1697 408 1738 etc.
437 1715 506 1723 —
555 1686 844 1751 Religionis
886 1688 1047 1749 zelus,
1091 1707 1303 1739 morum
1351 1689 1642 1740 honestas..
1678 1718 1778 1739 .—
1822 1689 1958 1738 Sane
2003 1687 2130 1737 dilc-

108 1816 111 1818 .
143 1779 275 1838 ‘etus
316 1769 455 1821 filius
475 1770 534 1822 ..¹
572 1771 742 1820 abbas
799 1770 1016 1837 Maioris
1071 1771 1387 1822 monasterii
1427 1773 1696 1823 Turonen.
1740 1771 1808 1821 ad
1848 1789 2132 1821 romanam

31 1845 34 1853 ¹
106 1848 125 1910 :J
152 1852 444 1906 Ecclesiam
474 1853 621 1903 nullo
653 1853 831 1904 medio
862 1854 1199 1920 pertinentis,
1233 1854 1432 1905 ordinis
1463 1855 1636 1905 sancti
1664 1854 1958 1916 Benedicti,
1980 1853 2132 1903 nobis

125 1933 456 2003 >significare
494 1936 707 1987 curavit
745 1937 890 2003 quod
928 1937 1096 1988 frater
1135 1938 1440 1999 Mauricius,
1481 1938 1680 1988 ordinis
1713 1937 2130 2004 predicatorum,

121 2012 511 2086 quuisitorin
544 2037 708 2084 regno
747 2020 969 2071 Francie
1007 2021 1239 2074 heretice
1260 2021 1547 2087 pravitatis
1565 2020 1895 2071 auctoritate
1913 2031 2130 2085 aposto·

169 2100 184 2113 ⁶
230 2127 234 2145 ε
276 2101 575 2168 deputatus
606 2121 714 2153 una
746 2122 869 2154 cum
913 2103 1113 2155 dilecto
1150 2104 1546 2159 fllio..officiali
1578 2106 1846 2155 Turonen.
1886 2114 1942 2153 et
1987 2102 2131 2153 Guil-

159 2240 164 2242 ⁷
234 2202 305 2236 ιιο
351 2185 416 2236 de
465 2185 646 2249 Brion,
676 2186 939 2238 canonico
987 2186 1205 2238 ecclesie
1256 2187 1431 2238 sancti
1464 2187 1729 2238 Johannis
1764 2187 2131 2249 Andegaven„

131 2283 281 2336 quos
314 2268 636 2320 venerabilis
672 2270 839 2321 frater
874 2280 1105 2323 noster..
1142 2271 1614 2336 ³archiepiscopus
1634 2273 1901 2322 Turoncn.
1928 2270 1994 2319 ad
2035 2270 2131 2317 hoc

46 2391 47 2394 ι
75 2407 78 2409 ,
127 2349 377 2407 'duxerat
403 2352 706 2419 specialiter
733 2354 1077 2419 deputandos
1107 2364 1294 2405 contra
1326 2355 1609 2405 Oddonem
1637 2353 1919 2404 Berardois
1952 2354 1989 2413 ⁴,
2022 2371 2129 2402 mo·

148 2443 153 2445 “
187 2434 380 2498 ,οἱιειω
415 2433 549 2486 dicti
586 2435 805 2501 Majoris
844 2437 1176 2499 monasterii,
1215 2449 1345 2488 tunc
1385 2438 1617 2504 priorem
1661 2438 1936 2504 prioratus
1955 2435 2130 2486 sancti

142 2510 152 2529 ‘
294 2517 370 2571 ’ἰ
428 2518 487 2570 in
517 2520 669 2573 Valle
737 2524 1028 2574 Carnoten.
1067 2522 1136 2572 ad
1212 2521 1422 2572 dictum
1500 2520 1888 2571 monasterium
1946 2519 2132 2570 imme-

237 2609 294 2652 to
334 2602 653 2668 spectantis,
697 2603 900 2654 ordinis
957 2604 1261 2665 memorati,
1330 2622 1491 2670 super
1559 2604 1778 2653 crimine
1843 2601 2130 2661 credentie,

56 2703 58 2705 ’
147 2684 553 2751 „ceptationiffi
600 2685 927 2737 defensionis
974 2698 1029 2736 et
1075 2687 1276 2738 favoris
1322 2687 1682 2737 hereticorum
1729 2697 1783 2736 et
1843 2683 2131 2751 pravitatis

141 2766 382 2838 ικύθε
412 2768 723 2836 inquisivit3
757 2770 811 2820 in
847 2790 954 2836 qua
987 2770 1335 2837 inquisitione
1385 2770 1593 2820 dietum
1642 2770 1925 2820 Oddonem
1973 2785 2132 2832 super

229 2849 420 2902 missis
469 2852 796 2919 culpabilem
845 2854 1045 2920 reperit
1098 2853 1398 2904 manifeste.
1455 2854 1524 2903 Et
1589 2853 1715 2918 quia
1765 2870 1924 2917 super
1974 2849 2131 2900 certis

161 2995 170 3004 ,
238 2931 252 2945 ‘
322 2932 386 2984 lis
417 2933 627 2986 iuratus
661 2954 843 2987 coram
876 2936 950 2986 eis
984 2936 1158 2987 dicere
1194 2935 1484 2986 veritatem
1518 2946 1572 2985 et
1608 2946 1730 3001 post
1763 2935 2130 2985 iuramentum

147 3034 152 3042 ‘⁴
227 3012 459 3068 'unmodi
479 3017 535 3068 in
557 3017 716 3070 dictis
740 3018 982 3069 articulis
1007 3029 1264 3069 contenta
1291 3018 1529 3083 negavit,
1555 3036 1615 3067 ac
1641 3018 1834 3070 deinde
1853 3035 1955 3082 que
1975 3034 2131 3079 nega-

67 3108 71 3115 '
151 3098 157 3102 ’
191 3113 208 3136 ’-
246 3106 306 3149 at
332 3098 388 3150 in
417 3099 615 3151 iudicio
647 3120 829 3153 coram
860 3102 933 3151 eis
966 3103 1076 3152 fore
1109 3120 1234 3151 vera
1267 3101 1429 3151 libere
1461 3101 1565 3151 fuit
1596 3101 1887 3161 confessus,
1919 3110 2132 3148 reatum

168 3187 372 3249 '·pter
414 3183 515 3234 hoc
562 3184 780 3251 periurii
825 3185 1165 3248 incurrendo,
1227 3183 1698 3235 administratione
1745 3194 1799 3233 ct
1845 3201 1969 3232 cura
2017 3192 2131 3231 tam

262 3260 416 3316 ’tuali
445 3284 610 3332 quam
641 3268 928 3334 temporali
958 3278 1013 3317 et
1045 3267 1288 3333 qualibet
1321 3267 1647 3333 presidentia
1680 3285 1772 3332 per
1801 3284 1985 3315 eorum
2016 3282 2131 3313 scn-

176 3343 386 3406 ¹>tiam
420 3347 668 3414 exigente
704 3349 915 3402 iustitia
953 3350 1330 3416 privaverunt.
1371 3349 1578 3413 Quibus
1616 3348 1866 3399 omnibus
1903 3347 1969 3396 ad
1996 3345 2133 3395 noti-

197 3429 289 3491 m
316 3439 558 3482 nostram
589 3432 854 3492 deductis,
887 3450 982 3482 nos
1014 3432 1358 3483 intendentes
1390 3432 1453 3481 de
1487 3431 1727 3496 prioratu
1761 3429 2000 3496 predicto
2032 3429 2131 3479 hac

151 3535 214 3579 s·
244 3525 272 3560 e
307 3529 532 3578 persone
568 3515 776 3580 ydonee
814 3516 1116 3581 providere,
1152 3514 1335 3580 ipsum
1372 3513 1650 3564 collationi
1686 3522 1741 3562 et
1792 3510 2135 3577 dispositioni

86 3587 87 3590 Ἴ
281 3610 335 3644 re
386 3595 690 3661 specialiter
739 3597 994 3648 duximus
1046 3597 1450 3648 reservandum.
1505 3626 1572 3632 —
1625 3596 1792 3664 [Dicto
1845 3595 2134 3659 Reginaldo

95 3671 108 3699 Γ
190 3675 428 3739 ωοοίε,
457 3678 688 3744 ejusdem
719 3681 1021 3731 monasterii
1049 3680 1372 3746 procuratori
1403 3699 1459 3729 ιη
1488 3679 1652 3738 curia,
1683 3678 1940 3769 confertur
1967 3676 2135 3726 dictus

155 3751 467 3830 foratus]
503 3760 710 3813 Datum
743 3762 1016 3825 Avinioni,
1053 3780 1218 3813 xvuu
1253 3760 1544 3812 kalendas
1528 3759 1780 3826 januarii,
1801 3776 1942 3809 anno
1961 3767 2136 3809 sexto.
