2540 4354
939 408 1152 451 nuncu·
1190 409 1273 443 xn
1362 442 1382 451 ,,
1446 448 1450 449 ⁷
1999 387 2095 454 212

54 543 55 547 ¹
123 522 335 584 Clu-isto
366 531 521 589 pater
548 531 603 582 et
633 521 903 585 dominus,
933 523 1184 575 dominus
1214 524 1538 575 Benedictus
1569 539 1711 589 papa
1744 520 2101 586 Xllpreerat

57 650 61 651 γ
123 605 342 665 ecclesie
388 605 781 672 Appamiarum
826 605 1083 672 predicte,
1130 606 1195 656 de
1240 607 1436 670 quibus
1484 607 1572 671 (Ξ)
1600 622 1742 670 verga
1771 621 1868 655 nos
1913 603 2099 656 lauda-

50 715 52 717 >
125 688 306 743 biliter
345 688 763 749 commendaris;
801 687 1032 755 ideoque
1071 690 1499 741 consideratione
1538 687 1747 740 servitii
1818 686 2100 748 antedicti,

61 798 68 804 ·
124 773 302 838 obque
343 772 705 823 reverentiam
746 771 879 823 dicti
920 773 1125 823 domini
1166 773 1338 824 nostri
1379 790 1536 840 pape,
1578 783 1634 823 et
1675 789 1743 822 ex
1784 771 1899 822 aliis
1940 771 2099 822 iustis

56 879 65 910 q
122 854 296 908 causis
321 865 377 905 et
398 854 720 916 rationibus,
747 865 801 904 te
827 855 1070 906 volentes
1095 856 1149 906 in
1175 857 1354 921 aliquo
1378 873 1716 907 remunerare
1756 855 1820 904 de
1847 853 2097 920 presenti,

123 937 457 990 tabularium
506 955 794 990 causarum
842 937 1081 988 civilium
1129 939 1271 989 curie
1319 950 1500 990 nostre
1549 938 1868 989 officialatus
1918 937 2099 1003 Appa-

66 1018 70 1022 ’
123 1020 355 1074 miarum
393 1020 496 1072 tibi
531 1030 798 1087 tanquam
837 1022 1166 1072 benemerito
1207 1032 1389 1072 tenore
1431 1021 1760 1089 presentium
1813 1038 1908 1087 pro
1946 1020 2100 1071 nobis

67 1115 69 1117 ’
123 1113 180 1156 et
219 1104 615 1156 successoribus
657 1104 856 1155 nostris
899 1105 1093 1156 damus
1135 1106 1205 1156 ad
1247 1106 1421 1156 vitam
1463 1116 1617 1157 tuam
1659 1116 1715 1155 et
1756 1104 2103 1155 concedimus

74 1204 78 1215 ’
124 1203 188 1239 ac
225 1187 393 1239 etiam
431 1187 768 1253 assignamus
807 1206 930 1239 cum
970 1188 1260 1240 medietate
1301 1189 1469 1240 totius
1506 1188 1859 1240 emolumenti
1894 1186 2102 1238 ratione

114 1260 370 1334 'emnium
405 1271 794 1338 scripturarum
832 1272 900 1321 ad
937 1272 1078 1322 idem
1116 1273 1449 1323 tabularium
1486 1271 1875 1338 pertinentium
1910 1270 2102 1320 exinde

68 1381 72 1409 :
125 1353 467 1423 proventuri3
500 1355 645 1420 quod
678 1372 854 1419 regere
888 1365 942 1405 et
974 1355 1238 1407 deservire
1272 1356 1451 1407 valeas
1485 1355 1861 1406 communibus
1907 1371 2104 1419 expen-

126 1437 197 1490 sis
231 1436 403 1488 totius
438 1438 792 1488 emolumenti
827 1438 958 1488 dicti
993 1439 1248 1490 tabularii
1284 1457 1377 1505 per
1411 1449 1466 1489 te
1501 1440 1587 1489 vel
1623 1457 1715 1504 per
1750 1438 2103 1489 sufficientem

127 1531 185 1572 et
221 1520 476 1572 idoneum
515 1521 859 1572 sustitutum.
905 1522 966 1572 In
1005 1522 1155 1572 cuius
1192 1522 1266 1572 rei
1317 1523 1689 1573 testimonium
1742 1521 1971 1586 sigillum
2014 1538 2107 1570 no-

4 1606 12 1662 ξ
74 1611 78 1642 s
127 1613 302 1655 strum
361 1603 616 1655 duximus
676 1605 1012 1670 presentibus
1070 1606 1507 1671 appendendum.
1571 1607 1776 1656 Datum
1835 1614 1889 1653 et
1920 1613 2104 1654 actum

82 1680 85 1682 ⁵
126 1686 399 1749 Avinioni,
444 1687 499 1737 in
544 1686 781 1753 hospicio
828 1688 1182 1739 habitationis
1226 1699 1427 1750 nostre,
1474 1689 1556 1739 die
1603 1688 1858 1739 vicesima
1907 1686 2101 1738 mensis

76 1772 83 1779 ’
124 1767 372 1832 ianuarii,
410 1788 552 1822 anno
592 1770 913 1822 Nativitatis
953 1771 1170 1822 Domini
1209 1772 1486 1823 millesimo
1530 1771 1904 1823 trecentesimo
1958 1770 2109 1820 trice·

126 1852 263 1906 simo
294 1854 505 1920 quinto.

202 1938 263 1988 ln
298 1938 514 1988 nomine
554 1938 788 1990 Domini.
827 1939 1017 1989 Amen.
1060 1939 1325 1989 Noverint
1362 1940 1595 1990 universi
1631 1940 1775 2005 quod
1813 1956 1909 1988 nos
1948 1939 2108 1989 Jaco-

130 2021 229 2073 bus
269 2021 580 2083 Albenonis,
620 2022 845 2073 sacrista
885 2031 939 2071 et
980 2021 1123 2087 prior
1161 2022 1485 2084 claustralis,
1543 2023 1840 2073 Germanus
1895 2023 1960 2071 de
2006 2019 2107 2071 Ca·

20 2081 34 2150 f
72 2164 99 2173 Ι,
127 2113 409 2173 patronave,
462 2104 888 2166 archidiaconus,
945 2106 1102 2170 Hugo
1156 2106 1402 2167 Artaudi,
1456 2106 1746 2171 operarius,
1773 2105 2105 2156 Bertrandus

129 2175 194 2239 de
244 2187 594 2238 Marcal'abba
618 2186 655 2250 ³,
705 2197 1002 2254 precentor,
1054 2188 1375 2239 Guillermus
1424 2190 1486 2239 dc
1537 2189 1736 2239 Sancto
1786 2184 2042 2239 Michaele
2067 2185 2110 2250 ⁴,

28 2299 40 2339 '.
94 2266 481 2333 infirmarius,
527 2272 716 2321 Petrus
762 2271 1063 2333 Durbanni,
1107 2271 1250 2337 prior
1293 2271 1560 2337 prioratus
1605 2271 1926 2322 Sanctorum
1969 2272 2110 2322 Bau-

126 2351 290 2410 dilfi‘
336 2363 392 2403 et
441 2354 670 2405 Victoris
691 2350 732 2416 ⁸,
782 2354 1050 2405 Arnaldus
1099 2355 1163 2404 de
1214 2355 1488 2421 Liphiaco,
1538 2355 1681 2421 prior
1728 2356 1996 2421 prioratus
2045 2355 2110 2403 de

133 2434 372 2488 Nauibus
395 2437 432 2499 ⁷,
470 2446 526 2487 et
563 2438 869 2488 Bernardus
906 2437 971 2487 de
1009 2438 1383 2500 Combatorta‚
1421 2438 1667 2489 canonici
1695 2437 1911 2489 ecclesie
1930 2438 2112 2503 Appa-

116 2517 383 2582 ¹maiarum,
417 2537 485 2570 ex
517 2531 663 2572 certa
697 2520 922 2572 scientia
957 2538 1141 2572 omnes
1175 2521 1505 2572 unanimiter
1538 2521 1845 2587 congregati
1878 2521 1932 2571 in
1967 2520 2108 2586 capi·

103 2601 247 2675 ssgtule
281 2603 502 2655 ecclesie
538 2613 835 2654 memorate
869 2603 937 2654 ad
972 2622 1166 2654 sonum
1201 2622 1483 2670 campane,
1519 2614 1580 2654 ut
1615 2604 1773 2655 moris
1818 2614 1918 2665 est,
1971 2603 2112 2669 capi-

118 2683 310 2751 ,tulum
348 2685 550 2738 ibidem
592 2686 853 2737 facientes
894 2696 950 2736 et
991 2698 1438 2753 representantes,
1481 2697 1815 2739 attententes
1873 2696 1929 2736 et
1991 2704 2113 2737 con·

62 2824 65 2825 ⁷
114 2765 430 2827 niden-antes
469 2788 635 2836 quam
675 2770 904 2836 plurima
946 2779 1100 2835 grata
1141 2771 1364 2823 servicia
1404 2789 1507 2837 que
1548 2771 1803 2836 magister
1842 2769 2112 2820 Arnaldus

61 2892 67 2922 7
139 2849 414 2906 Remundi
451 2852 716 2915 Falconis,
754 2854 975 2904 clericus
1013 2871 1074 2904 ac
1111 2855 1354 2905 notarius
1392 2853 1534 2904 curie
1572 2854 1891 2905 officialatus
1928 2854 2116 2919 Appa-

112 2942 177 2984 ’ψ
172 2932 386 2999 iarum,
426 2945 670 3003 tempore
713 2954 819 3002 quo
861 2936 1241 2989 Sanctissimus
1282 2938 1337 2988 in
1377 2938 1587 2988 Christo
1629 2947 1784 3002 pater
1835 2946 1891 2986 et
1942 2934 2115 2986 domi·

58 3071 59 3074 ,
119 3076 121 3078 ,
244 3056 259 3081 ,
300 3018 550 3070 dominus
592 3020 919 3071 Benedictus
962 3038 1105 3087 papa
1151 3020 1263 3071 XII
1307 3031 1518 3088 preerat
1562 3021 1778 3071 ecclesie
1824 3019 2115 3086 Appamia·

55 3100 63 3165 '⁷
166 3115 259 3153 ϋηι
287 3102 548 3167 predicte,
582 3102 812 3154 fideliter
841 3103 1015 3156 eidem
1047 3104 1264 3155 ecclesie
1295 3105 1561 3171 impendit
1591 3105 1876 3169 adhucque
1908 3103 2113 3169 impen-

59 3223 62 3224 γ
120 3176 158 3218 3·
194 3198 263 3234 re
297 3201 409 3236 non
445 3195 638 3248 cessat,
678 3204 772 3252 pro
809 3204 870 3238 ea
909 3205 971 3237 ac
1008 3187 1063 3237 in
1100 3186 1273 3238 officio
1318 3187 1686 3253 Inquisitionis
1725 3186 1955 3236 heretice
1995 3202 2116 3250 pra·

127 3260 159 3350 'a
181 3264 328 3319 'tatis
365 3267 650 3334 diligenter
684 3269 1002 3332 laborando,
1041 3287 1143 3336 que
1181 3270 1382 3320 cedunt
1418 3270 1487 3322 ad
1524 3271 1782 3320 honorem
1819 3278 1874 3318 et
1911 3266 2115 3318 utilita-

119 3363 139 3395 ἰ’
182 3364 256 3410 1η
288 3349 506 3402 ecclesie
543 3351 940 3419 Appamiarum
979 3352 1244 3419 predicte;
1283 3354 1352 3404 ob
1390 3371 1620 3419 quorum
1658 3351 2002 3403 servitiorum
2039 3367 2117 3399 re·

162 3432 575 3493 onerationem
625 3452 687 3486 ae
737 3435 995 3487 honorem
1046 3435 1180 3487 dicvi
1231 3436 1450 3488 Domini
1499 3454 1638 3502 pape
1687 3433 2011 3485 reverendus
2061 3432 2117 3483 in

143 3507 354 3566 bristo
383 3525 539 3582 pater
565 3515 816 3568 dominus
850 3516 1184 3582 Dominicus‚
1225 3519 1323 3570 Dei
1353 3519 1526 3584 gratia
1571 3517 1964 3584 Appamiarum
2006 3514 2114 3580 epi·

75 3591 145 3667 ,ι’-λ·
185 3610 354 3662 epus,
398 3597 572 3650 eidem
617 3600 874 3665 magistro
919 3601 1160 3653 Arnaldo
1198 3601 1774 3666 Ramund1,tanquam
1829 3597 2119 3649 sufficienti

227 3677 456 3743 ydoneo,
481 3682 815 3734 tabularium
840 3700 1127 3735 causarum
1152 3683 1393 3734 civilium
1419 3683 1560 3733 curie
1587 3681 1907 3733 officialatus
1934 3681 2116 3746 Appa-

209 3757 223 3770 '
240 3784 242 3787 ’
260 3777 380 3813 rum
409 3762 559 3814 dedit
587 3773 847 3831 perpetuo
875 3775 931 3816 et
959 3766 1221 3817 concessit
1250 3765 1497 3831 gratiose,
1528 3774 1689 3831 prout
1716 3763 1771 3815 in
1799 3761 2116 3830 patentibus
