2540 4354
464 355 568 410 304
856 370 1148 407 num-mm
1192 373 1267 406 nn
1310 352 1729 416 1⁴¹1NQu1s1r1oN
1773 369 2096 418 FRANqun

1306 545 1646 604 —196—

546 709 617 758 Le
649 726 787 774 pape
821 708 1025 758 adresse
1058 709 1110 758 la
1145 712 1304 758 meme
1336 707 1658 758 exhortation
1691 725 1798 757 aux
1830 708 2040 772 prelats,
2076 724 2183 758 aux
2200 726 2482 773 per-§onnes

466 792 892 858 ecclesiastiques,
927 810 1034 843 aux
1068 792 1244 843 nobles
1277 803 1322 842 et
1354 810 1461 842 aux
1492 792 1764 856 seigneur-s
1797 791 1868 841 du
1900 809 2148 858 royaume
2181 792 2472 858 d'Aragon.

463 906 531 913 —-
567 876 838 943 Avignon,
879 876 940 927 11
980 877 1266 928 decembre
1305 876 1455 929 1344.

809 989 914 1042 Reg.
947 989 1062 1042 Vnt„
1090 997 1122 1030 t.
1151 1003 1386 1042 cxxxvm,
1415 989 1491 1031 fol.
1519 989 1602 1030 146
1630 996 1694 1042 νο,
1723 1004 1766 1031 n.
1794 1004 2000 1032 nxxxxx.

535 1090 948 1143 Venerabilibus
987 1089 1251 1140 fratribus
1305 1089 1724 1156 archiepiscopis
1776 1100 1832 1139 et
1884 1091 2168 1157 episcopis,
2224 1111 2286 1143 ac
2339 1093 2467 1144 dile-

463 1177 561 1226 ctis
608 1175 729 1226 filiis
773 1174 975 1236 electiS,
1023 1173 1339 1236 abbatibus,
1384 1173 1673 1240 prioribus,
1707 1173 1945 1237 decanis,
1965 1176 2273 1241 prepositis,
2295 1178 2468 1229 archi·

461 1260 703 1312 diaconis
721 1270 776 1310 et
793 1259 910 1310 aliis
945 1259 1187 1325 personis
1219 1258 1618 1322 ecclesiasticis,
1651 1277 1864 1310 necnon
1894 1260 2167 1311 nobilibus
2198 1261 2327 1312 viris
2359 1263 2456 1313 du-

461 1344 631 1408 cibus,
670 1343 982 1407 comitibus,
1022 1343 1339 1406 baronibus,
1378 1343 1699 1394 officialibus
1735 1355 1791 1393 et
1827 1344 1943 1395 aliis
1981 1344 2215 1396 dominis
2253 1356 2465 1413 tempo-

458 1430 662 1481 ralibus
712 1429 1153 1496 quibuscumque
1203 1429 1520 1480 constitutis
1568 1430 1624 1480 in
1671 1429 1849 1494 regnis
1898 1440 1954 1479 et
1984 1431 2160 1494 terris,
2196 1430 2470 1482 carissimo

458 1514 514 1565 in
550 1513 762 1565 Christo
801 1513 910 1564 filio
945 1524 1133 1565 nostro
1172 1515 1352 1576 Petro,
1388 1513 1501 1578 regi
1535 1513 1853 1578 Aragonum
1871 1513 2086 1577 illustri,
2109 1514 2384 1566 subiectis.
2407 1543 2475 1552 --

458 1600 638 1665 Nuper
680 1599 910 1649 dilectus
957 1598 1099 1649 filius
1143 1601 1275 1663 [etc.,
1323 1603 1483 1648 meme
1524 1599 1687 1648 theme
1729 1617 1824 1665 que
1866 1599 2001 1648 dans
2043 1599 2096 1649 la
2136 1584 2502 1666 precedente]·'

460 1683 892 1735 Universitatem
927 1694 1172 1735 vestram
1205 1683 1533 1750 requirimus
1571 1683 1842 1734 attentius
1881 1694 1937 1733 et
1972 1701 2277 1747 monemus,
2312 1683 2467 1735 vobis

455 1767 840 1819 nichilominus
885 1786 981 1834 per
1024 1768 1328 1835 apostolica
1374 1768 1578 1834 scripta
1624 1769 1974 1832 mandantes,
1997 1769 2258 1836 quatinus
2276 1767 2469 1819 hereti·

456 1870 562 1916 cos,
617 1852 879 1915 fautores,
936 1853 1217 1904 credentes
1272 1863 1329 1903 et
1383 1854 1709 1904 adherentes
1764 1853 2060 1920 predictos,
2117 1854 2211 1920 qui
2261 1853 2463 1920 reperti

454 1937 658 1987 fuerint
695 1937 751 1988 in
788 1937 984 1988 vestris
1025 1938 1181 1989 terris
1221 1948 1277 1988 et
1315 1937 1660 1988 districtibus
1698 1949 1753 1988 et
1791 1957 1886 2005 per
1923 1938 2092 2005 ipsius
2130 1937 2465 2005 inquisitoris

449 2020 661 2073 litteras
721 2022 993 2074 nominati
1048 2023 1116 2074 ad
1173 2014 1589 2088 requisitionem
1646 2024 1894 2088 gentium
1950 2023 2141 2090 ipsius,
2201 2022 2460 2084 celeriter,

455 2107 688 2156 fideliter
722 2117 777 2156 et
813 2118 1067 2174 prompte
1137 2107 1367 2174 capiatis
1404 2127 1498 2158 seu
1535 2109 1658 2175 capi
1706 2109 1924 2160 faciatis
1976 2119 2075 2160 aut
2124 2106 2463 2176 permittatis

452 2209 546 2258 per
587 2201 773 2256 gentes
815 2193 1051 2256 easdem,
1095 2192 1225 2260 ipsis
1267 2193 1571 2244 assistendo
1614 2193 1999 2244 nichilominus
2041 2210 2203 2260 super
2257 2191 2356 2242 hiis
2409 2201 2464 2241 et

449 2293 511 2327 ea
561 2275 917 2340 tangentibus
969 2276 1222 2340 consiliis,
1273 2277 1489 2328 auxiliis
1539 2288 1595 2328 et
1643 2278 1927 2329 favoribus
1992 2276 2347 2350 oportunis„
2398 2302 2465 2311 -

452 2361 659 2412 Datum
697 2359 973 2424 Avinioni,
1012 2381 1076 2412 111
1113 2361 1234 2413 idus
1273 2362 1595 2426 decembris,
1633 2381 1777 2414 anno
1828 2362 2014 2415 tercio.

1197 2798 1272 2805 —
1301 2762 1567 2823 197-198
1604 2797 1680 2807 —

516 2917 748 2969 Clement
785 2918 864 2969 VI
894 2918 1124 2969 ordonne
1153 2937 1225 2969 au
1257 2921 1467 2984 general
1496 2920 1582 2970 des
1613 2919 1990 2983 dominicains,
2023 2922 2150 2987 puis
2180 2939 2251 2972 au
2268 2920 2458 2973 vicain

444 3003 652 3067 ge'ne'ral
694 3003 753 3053 de
796 3003 997 3066 l'ordre,
1043 3003 1103 3054 de
1144 3004 1381 3070 dele'guer
1423 3005 1557 3055 dans
1600 3006 1644 3056 le
1686 3023 1934 3071 royaume
1975 3005 2036 3057 de
2080 3005 2359 3073 Majorque
2411 3015 2459 3057 et

442 3088 512 3138 les
554 3092 739 3138 comtes
780 3088 840 3139 de
883 3089 1190 3140 Roussillon
1231 3100 1275 3140 et
1317 3090 1376 3140 de
1433 3090 1705 3155 Cerdagne
1761 3091 1847 3141 des
1936 3091 2279 3158 inquisiteurs
2352 3108 2453 3141 non

439 3182 672 3237 suspects
703 3173 764 3223 de
794 3173 1078 3239 partialite'.
1114 3202 1183 3208 —-
1215 3173 1548 3238 Villeneuve,
1583 3174 1647 3225 22
1681 3174 1895 3237 fevrier,
1932 3174 1995 3224 15
2030 3175 2138 3226 mai
2159 3174 2307 3228 1345.

785 3307 891 3359 Reg.
925 3305 1040 3359 Vat„
1069 3314 1102 3347 t.
1135 3320 1371 3360 cxxxvm,
1400 3306 1474 3348 fol.
1507 3307 1588 3348 213
1621 3313 1685 3363 νῦ,
1707 3310 1790 3351 285
1821 3315 1886 3351 v0.

514 3429 723 3478 Dilecto
778 3429 885 3479 filio
938 3429 1141 3480 Parisio
1194 3430 1311 3495 (sic)
1337 3430 1374 3492 1,
1396 3430 1656 3494 magistro
1676 3430 1910 3482 fratrum
1945 3432 2448 3497 predicatorum.—

440 3514 731 3578 Cupientes
765 3513 1046 3578 negotium
1093 3513 1219 3564 fidei
1276 3515 1349 3564 sic
1407 3515 1609 3580 ubique
1667 3514 1823 3578 dirigi
1866 3525 1991 3566 et...
2036 3517 2137 3581 [Ut
2178 3517 2233 3566 in
2287 3531 2442 3579 regno

441 3598 843 3663 Majoricarum,
888 3616 950 3648 ac
996 3598 1315 3649 Rossilionis
1359 3610 1414 3648 et
1458 3599 1764 3650 Ceritaniae
1810 3601 2165 3651 comitatibus
2223 3600 2440 3663 aliisque

439 3681 734 3732 convicinis
764 3682 1032 3747 partibus,
1062 3683 1432 3748 inquisitores,
1463 3683 1658 3733 fratres
1704 3684 1769 3732 de
1826 3703 1921 3733 suo
1967 3685 2153 3735 ordine
2198 3686 2439 3749 deputet,

439 3765 531 3830 qui
570 3784 678 3816 non
718 3766 961 3817 existant
1005 3767 1163 3816 Petro
1190 3767 1227 3829 ²,
1270 3768 1604 3833 Aragonum,
1646 3778 1700 3816 et
1743 3767 1950 3818 Jacobo
1980 3769 2014 3830 3,
2060 3768 2435 3834 Majoricarum
