2540 4354
938 419 1154 457 aznot-r
1198 426 1277 460 χιι
1313 430 1317 433 ·
1998 403 2103 463 267

78 590 79 593 ,
108 535 452 609 promotione
492 537 563 591 ad
605 536 1019 588 communitatis
1063 536 1273 589 Albion.
1318 538 1554 591 deducta
1616 540 1890 603 notitiam,
1950 540 2101 592 dicta

70 614 76 621 ’
109 621 473 676 communitas
528 620 757 672 dilectos
813 619 950 670 filios
1007 620 1329 684 magistrum
1386 623 1725 674 Bernardum
1778 625 1846 674 de
1899 624 2099 686 Grava,

73 733 77 738 ·
105 706 450 760 licentiatum
503 705 560 757 in
612 704 838 770 legibue,
899 704 1155 754 Pontium
1216 705 1447 769 Rogerii,
1504 708 1737 757 eundem
1794 707 2095 758 Giraudum

109 788 260 851 Colli,
300 789 638 840 Bernardum
680 786 1035 838 Austruconis
1077 787 1114 847 ³,
1157 806 1219 837 ac
1263 789 1574 839 Durantum
1615 791 1682 839 de
1725 791 2097 852 Monteacuto‚

67 925 73 931 ,
110 873 254 926 cives
295 883 352 923 et
396 872 640 924 consules
686 871 915 931 Albion„
962 872 1030 921 ad
1078 871 1407 922 veniendum
1453 874 1522 922 ad
1567 892 1851 924 romanam
1882 875 2099 926 Curiam

110 965 167 1009 et
196 955 622 1023 impendendum
656 955 803 1005 dicto
837 954 1200 1020 predecessori
1231 955 1584 1021 eiusdemque
1619 956 1879 1008 fratribus
1912 969 2100 1008 sancte

70 1084 82 1091 Α.
110 1056 332 1093 romane
370 1038 605 1090 Ecclesie
641 1037 1024 1099 cardinalibus,
1063 1039 1129 1087 de
1166 1056 1398 1104 quorum
1435 1057 1660 1090 numero
1694 1051 1829 1091 -tunc
1864 1059 2103 1103 eramus,

67 1144 70 1158 ³
112 1121 366 1189 dictoque
407 1123 566 1174 Petro
604 1132 735 1172 tunc
771 1121 942 1171 electo
980 1121 1036 1172 in
1072 1121 1219 1171 dicta
1258 1122 1405 1172 curia
1443 1123 1702 1173 existenti
1737 1125 2099 1175 reverentiam

111 1205 416 1274 specialiter
453 1205 762 1272 deputavit.
807 1204 1061 1271 Dictique
1101 1204 1344 1255 consules
1387 1216 1608 1272 propter
1647 1207 1746 1256 hoc
1785 1208 1854 1257 ad
1895 1209 2100 1259 dictam

85 1288 318 1341 ”muriam
372 1289 690 1340 accedentes
747 1288 972 1354 prefatis
1028 1289 1392 1354 predecessori
1445 1300 1502 1338 et
1556 1290 1711 1340 nobis
1769 1301 1897 1340 tunc
1955 1291 2103 1343 tituli

113 1381 302 1425 sancte
344 1372 520 1423 Prisce
561 1372 859 1439 presbitero
902 1371 1163 1423 cardinali
1202 1381 1259 1421 et
1300 1365 1714 1439 quampluribus
1756 1374 1872 1424 aliis
1914 1384 2101 1425 sancte

114 1473 336 1508 romane
367 1455 600 1507 Ecclesie
630 1455 994 1507 cardinalibus
1024 1455 1282 1521 dictoque
1314 1457 1473 1506 Petro
1503 1466 1635 1506 tunc
1663 1457 1852 1518 electo,
1884 1459 2101 1509 nomine

116 1539 525 1592 communitatis
555 1539 797 1590 eiusdem
829 1539 1195 1590 reverentiam
1226 1539 1638 1606 impenderunt3
1669 1550 1726 1590 et
1769 1542 1913 1606 quod
1959 1541 2102 1591 idem

112 1621 385 1678 fliraudus
433 1622 565 1673 Colli
612 1641 719 1674 una
768 1641 892 1673 cum
939 1622 1099 1674 dictis
1149 1622 1265 1674 aliis
1315 1623 1624 1674 consulibus
1672 1623 1886 1688 collegis
1933 1624 2100 1690 ipsius

11 1699 13 1701 ¹
100 1723 296 1767 ,coram
333 1706 506 1767 nobis,
548 1716 678 1757 tunc
716 1716 778 1757 ut
815 1706 1155 1773 premittitur
1193 1707 1471 1768 cardinali,
1511 1707 1866 1773 personaliter
1903 1707 2101 1759 consti-

115 1799 289 1852 tutus,
341 1800 466 1857 post
515 1790 819 1857 impensam
871 1790 1184 1841 huiusmodi
1233 1791 1597 1841 reverentiam
1649 1792 1747 1841 hec
1797 1793 1962 1842 verba
2016 1791 2101 1841 vel

12 1902 14 1914 =
83 1902 87 1923 ;
116 1872 311 1929 similia
347 1874 577 1942 protulit
612 1873 668 1925 in
701 1874 920 1936 effectu,
956 1873 1213 1925 videlicet
1251 1894 1262 1924 :
1302 1874 1448 1939 quod
1485 1874 1655 1941 aliqui
1690 1875 1933 1925 homines
1984 1875 2106 1925 laici

6 2015 7 2018 Ἴ
109 1967 274 2029 ωηατ
306 1957 362 2010 in
396 1957 621 2009 civitate
654 1958 899 2025 predicta
935 1958 1175 2009 dicentes
1209 1976 1263 2008 se
1298 1958 1505 2009 iuratos
1540 1958 1701 2008 officii
1736 1958 2104 2024 Inquisitionis

10 2051 18 2062 ’·
101 2034 350 2106 ’,δοιοῑίοο
390 2041 700 2108 pravitatis,
743 2043 810 2092 de
852 2041 1048 2108 quibus
1079 2041 1364 2093 dicebatur
1407 2042 1552 2107 quod
1596 2052 1818 2108 propter
1861 2042 2103 2092 favorem

6 2134 10 2146 ²
87 2150 188 2166 ·=
216 2125 356 2176 dem
410 2125 570 2176 officii
619 2125 956 2192 recipiebant
1009 2126 1210 2176 multas
1277 2125 1650 2192 corruptiones
1689 2125 1759 2174 'et
1827 2125 2101 2176 faciebant

177 2207 318 2260 ultas
348 2208 718 2275 oppressiones
761 2219 819 2259 et
875 2209 1186 2260 exactiones
1217 2209 1282 2259 de
1314 2207 1511 2276 quibus
1543 2227 1652 2259 non
1683 2208 1983 2275 recipiebat
2013 2208 2108 2258 ali-

114 2293 130 2355 j
209 2309 281 2343 m
329 2292 587 2343 honorem
638 2292 874 2344 officium
923 2310 1022 2343 nec
1071 2290 1265 2343 civitas
1316 2292 1611 2359 prelibata3
1660 2303 1716 2342 et
1766 2293 1911 2358 quod
1961 2302 2102 2341 esset

112 2381 134 2434 ἶ
171 2405 175 2416 -
207 2393 321 2427 ·um
361 2377 504 2442 quod
546 2376 723 2427 nullus
762 2376 1006 2428 notarius
1045 2376 1250 2428 faceret
1287 2393 1567 2442 processus
1607 2376 1690 2425 vel
1730 2376 1944 2427 audiret
1983 2392 2099 2441 per-

197 2487 201 2496 ·
231 2477 277 2511 s
302 2478 463 2527 super
489 2460 636 2512 facto
666 2460 793 2512 fidei
818 2460 921 2511 nisi
947 2460 1237 2526 inquisitor
1263 2460 1422 2510 huius
1448 2470 1590 2510 esset
1617 2478 1859 2526 presens3
1887 2460 2100 2511 adiecto

115 2551 146 2607 μ’
224 2544 592 2611 propositione
621 2544 864 2612 predicta
894 2545 1040 2611 quod
1070 2561 1165 2596 nos
1195 2542 1507 2594 huiusmodi
1533 2543 1712 2594 verbis
1751 2544 2101 2610 respondera-

33 2641 38 2644 ·
142 2643 240 2679 us
268 2644 362 2694 per
391 2628 487 2678 hec
518 2629 682 2679 verba
714 2627 800 2678 vel
829 2627 1023 2679 similia
1054 2627 1110 2678 in
1139 2627 1356 2688 effectu,
1388 2626 1643 2677 videlicet
1673 2627 1817 2693 quod
1851 2627 2104 2691 tempori·

118 2710 143 2747 Ὺ
197 2727 222 2762 s
265 2710 461 2777 quibus
512 2730 604 2762 nos
650 2710 1010 2763 audiebamus
1058 2720 1224 2761 testes
1271 2710 1356 2761 vel
1401 2709 1613 2777 aliquos
1659 2710 1725 2760 de
1787 2710 1932 2759 facto
1983 2709 2107 2760 fidei

111 2787 435 2845 ‘solebamus
470 2795 616 2860 quod
650 2793 846 2860 aliquis
880 2793 1127 2844 notarius
1160 2810 1249 2843 eos
1283 2793 1516 2855 audiret,
1550 2792 1653 2843 nisi
1687 2810 1782 2843 nos
1832 2803 2104 2858 presentes

117 2871 154 2934 ,’
205 2893 373 2928 emus.
417 2877 488 2927 Et
525 2887 657 2928 tunc
696 2895 790 2944 per
825 2876 1002 2928 dictos
1042 2876 1287 2927 consules
1326 2877 1410 2926 vel
1449 2876 1687 2942 aliquem
1725 2893 1911 2925 eorum
1951 2875 2103 2925 nobis

356 2961 633 3012 humiliter
689 2960 1061 3028 supplicatum
1119 2961 1265 3026 quod
1323 2960 1499 3011 eidem
1558 2959 1918 3026 predecessori
1975 2969 2107 3008 tunc

120 3041 334 3098 &fonti
376 3044 806 3111 supplicaremus
855 3044 1003 3111 quod
1052 3043 1162 3095 tale
1209 3043 1266 3094 in
1313 3043 1415 3094 hac
1463 3042 2112 3109 parteremediumadhi·

42 3139 46 3142 ’
121 3136 148 3187 ζ’
176 3157 195 3168 -·
232 3136 275 3179 t
317 3128 462 3195 quod
509 3127 637 3178 boni
683 3137 906 3194 possent
949 3126 1134 3178 vivere
1179 3136 1235 3177 et
1282 3126 1409 3178 mali
1453 3125 1792 3193 punirentur.
1844 3126 1914 3174 Et
1960 3126 2104 3190 quod

47 3230 49 3234 ·
183 3241 204 3249 ι
235 3226 346 3261 em
380 3209 526 3262 dicto
563 3211 937 3277 predecessore
971 3210 1231 3261 defuncto
1268 3208 1532 3275 nobisque
1566 3209 1635 3260 ad
1672 3208 1881 3273 apicem
1912 3206 2112 3258 summi

50 3356 54 3365 Ι
157 3293 463 3345 tolatus
511 3293 826 3360 assumptis,
878 3293 1136 3358 magister
1186 3293 1471 3343 Mennetus
1546 3292 1612 3341 de
1683 3290 2060 3342 Roberticuria
2079 3293 2117 3352 ⁴,

53 3363 65 3425 s
243 3375 416 3428 nicus
473 3376 692 3428 ecclesie
737 3376 1132 3441 Montisregalis
1151 3379 1187 3437 ⁵,
1245 3376 1626 3426 Carcassonen.
1672 3373 1914 3435 diocesis,
1959 3383 2115 3425 nota-

63 3495 65 3499 ⁴
189 3486 192 3495 v
221 3495 253 3521 ,
287 3476 384 3526 pro
422 3459 789 3510 commissario
833 3459 1204 3526 Inquisitionis
1243 3458 1533 3524 pravitatis
1570 3457 1812 3507 eiusdem
1850 3456 1904 3506 in
1942 3457 2108 3522 parti-

76 3599 78 3601 ,
164 3543 182 3550 ”
256 3541 637 3594 Carcassonen.
670 3553 727 3593 et
759 3542 969 3593 Albion.
1003 3561 1057 3593 se
1090 3559 1294 3608 gerens,
1327 3559 1488 3607 super
1519 3539 1677 3590 dictis
1711 3539 1888 3590 verbis
1921 3549 1976 3589 et
1991 3540 2109 3592 aliis

65 3650 74 3687 χ
240 3641 559 3692 ·uscumque
584 3643 678 3693 per
701 3626 918 3677 eosdem
945 3626 1189 3678 consules
1215 3625 1424 3676 Albien.
1454 3623 1690 3674 officium
1716 3639 1809 3673 seu
1837 3621 2111 3674 ministros

259 3744 264 3749 -
335 3707 703 3776 Inquisitionis
762 3709 1131 3776 tangentibus,
1191 3707 1345 3760 nobis
1405 3709 1552 3759 tunc'
1623 3705 1882 3757 cardinali
1952 3706 2112 3758 dictis

207 3816 212 3830 ·
287 3790 530 3859 prolatis,
596 3810 699 3859 que
784 3793 926 3846 idem
1012 3791 1296 3843 Mennetus
1370 3790 1422 3841 in
1482 3788 1733 3840 iniuriam
1815 3798 1871 3837 et
1946 3788 2115 3856 impe·
