2540 4354
866 405 870 409 '
951 405 1164 445 ntuetr
1187 388 1268 445 κίι
1421 430 1424 433 Δ
1997 388 2103 443 -273

66 527 70 530 ’
114 525 216 580 bus
260 518 591 579 auctoritate
636 525 936 592 apostolica
983 524 1254 591 deputati,
1303 534 1364 573 ut
1411 523 1713 587 dicebatur,
1744 522 2101 589 preiudicium

83 601 170 663 *et
208 618 606 675 contemptum,
647 625 743 676 per
778 609 1014 660 eundem
1053 607 1432 674 inquisitorem
1473 624 1566 656 seu
1593 606 1660 656 de
1701 606 1962 658 mandato
2003 622 2101 656 suo

76 701 301 744 ‘contra
349 691 639 743 nonnullas
690 708 946 758 personas
998 689 1132 740 certi
1182 689 1401 741 fuerant
1452 689 1586 740 facti
1638 707 1934 755 processus.
1991 687 2104 739 Nos

65 765 75 769 ‘⁷
110 774 275 835 eertis
298 791 367 825 ex
393 773 571 826 causis
600 783 718 826 tam
747 773 814 825 de
844 784 964 824 toto
997 788 1249 840 processu
1279 789 1442 838 super
1472 772 1744 838 premissis
1774 771 1980 840 habito*
2007 790 2103 838 per

67 879 73 891 ··
112 857 286 911 dictos
335 857 538 909 iudices
588 857 856 909 seculares
906 875 1074 924 quam
1125 874 1377 922 processu
1442 856 1686 921 predicto
1737 873 1831 922 per
1866 856 2102 907 eundem

111 940 489 1019 inquisitorem
522 941 611 992 vel
643 940 710 992 de
743 958 842 992 suo
895 940 1158 991 mandato
1207 938 1408 989 exinde
1457 938 1811 1004 postmodum
1859 949 1921 989 ut
1990 956 2107 1006 pre-

75 1013 355 1086 ssfflttitur
410 1024 704 1076 subsecuto
760 1023 1007 1075 volentes
1067 1022 1277 1089 plenius
1325 1021 1631 1087 informari,
1682 1022 1897 1089 prefato
1930 1021 2108 1089 inqui-

84 1105 267 1179 'sitori
299 1124 363 1159 ac
388 1105 600 1158 dilectis
653 1105 776 1158 filiis
803 1104 1018 1158 vicariis
1069 1104 1287 1155 ecclesie
1342 1104 1580 1170 predicte
1640 1116 1773 1156 tunc
1835 1105 2105 1168 vacantis,

84 1193 326 1257 >necnon
358 1189 530 1242 nobili
565 1200 866 1243 memorato
903 1207 999 1257 per
1033 1189 1275 1240 diversas
1311 1189 1522 1239 litteras
1559 1200 1772 1240 nostras
1810 1191 1833 1224 ⁴
1891 1189 2105 1240 dedisse

108 1273 461 1328 neminimus
497 1273 554 1325 in
590 1274 866 1326 mandatis
902 1284 966 1324 ut
1001 1273 1116 1339 ipse
1151 1272 1441 1339 inquisitor
1479 1290 1788 1339 processum
1825 1291 1893 1323 ex
1929 1273 2103 1325 officio

103 1372 214 1411 -ιιιο
254 1374 418 1424 super
458 1357 731 1424 premissis
773 1357 1028 1409 habitum
1071 1356 1314 1422 dictique
1357 1356 1545 1407 vicarii
1586 1367 1642 1406 et
1684 1356 1878 1407 nobilis
1936 1357 2104 1408 alium

115 1457 429 1509 processum
463 1450 519 1491 et
551 1440 885 1492 sententiam
921 1439 1131 1491 factum
1165 1449 1222 1489 et
1256 1440 1429 1491 latam
1465 1458 1559 1505 per
1595 1441 1866 1505 predictos
1901 1440 2105 1491 iudices

109 1531 308 1576 eontra
343 1523 591 1575 mulieres
627 1523 904 1591 predictas
939 1523 1095 1574 nobis
1130 1523 1471 1588 integraliter
1506 1524 1571 1573 de
1608 1525 1774 1573 verbo
1791 1524 1861 1575 ad
1879 1525 2108 1574 verbum

99 1606 221 1662 -flub
272 1606 382 1658 suis
435 1607 619 1673 sigillis
673 1607 994 1658 interclusos
1047 1606 1323 1659 destinare
1377 1608 1702 1672 quantocius
1733 1617 2107 1674 procurarent,

95 1687 178 1756 set
217 1707 439 1743 cnusam
482 1708 577 1741 seu
618 1691 906 1756 negocium
949 1689 1262 1740 huiusmodi
1305 1690 1375 1739 ad
1421 1701 1670 1740 nostrum
1714 1702 1769 1740 et
1811 1691 2109 1758 apostolice

120 1770 274 1828 Sedi-
313 1773 648 1826 advocantes
687 1791 937 1836 examen,
978 1773 1120 1824 inter
1160 1773 1265 1825 alia
1308 1774 1519 1840 prefato
1562 1775 1870 1840 inquisitori
1909 1786 1965 1825 et
1994 1775 2108 1824 eius

116 1855 532 1920 heumtenenti,
590 1875 659 1908 ne
716 1857 1011 1924 quicquam
1070 1867 1259 1908 contra
1320 1857 1631 1908 huiusmodi
1688 1858 2108 1909 advocationem

108 1949 455 2008 <attemptare
496 1950 871 2008 presumerent
911 1940 998 1990 vel
1039 1940 1280 1991 facerent
1321 1940 1620 1991 districtius
1662 1942 1918 1992 duximus
1958 1941 2108 1991 exhi-

229 2023 382 2088 dum,
406 2042 472 2076 ac
498 2024 836 2075 decernendo
862 2042 931 2074 ex
958 2034 1090 2074 tunc
1117 2024 1331 2075 irritum
1359 2035 1414 2074 et
1442 2025 1601 2075 inane
1628 2025 1671 2074 si
1699 2042 1850 2075 secus
1877 2024 2108 2075 scienter

34 2158 38 2159 ⁷
105 2168 113 2170 g
176 2144 181 2149 -
234 2106 549 2175 ignoranter
573 2107 914 2173 contingeret
940 2125 1102 2174 super
1130 2107 1231 2158 hiis
1259 2108 1601 2174 attemptari,
1632 2118 1795 2174 prout
1822 2108 1878 2158 in
1904 2107 2107 2158 eisdem

33 2251 37 2253 g
113 2213 149 2243 e·
190 2189 319 2242 teris
350 2190 561 2258 plenius
594 2190 922 2243 continetur.
958 2191 1093 2242 Cum
1125 2202 1314 2246 autem
1344 2191 1485 2242 sicut
1529 2191 1896 2242 intelleximus
1941 2191 2114 2256 aliqui

42 2298 43 2303 ¹
113 2306 125 2315 ,⁷
144 2271 160 2287 ⁶
188 2283 332 2327 teras
357 2285 571 2328 nostras
599 2275 872 2343 predictae
898 2274 973 2327 sic
1003 2276 1273 2327 maliciose
1301 2276 1626 2328 retinuerint
1652 2287 1708 2326 et
1744 2276 2108 2327 subticuerint

41 2422 45 2428 ¹·
193 2374 297 2426 que
331 2358 492 2411 modo
527 2359 674 2426 quod
708 2375 1059 2426 nequaquam
1093 2359 1316 2411 fuerunt
1349 2359 1659 2410 executioni
1695 2360 1970 2421 mandate,
2007 2359 2110 2409 fra-

38 2473 42 2476 ·
128 2438 188 2503 ζ’»ι
227 2438 375 2493 ·'tati
406 2450 566 2493 tue...
602 2442 927 2494 mandamus
959 2442 1220 2510 quatinus
1250 2442 1468 2494 eosdem
1501 2461 1779 2509 processus
1811 2453 1867 2492 et
1897 2452 2114 2493 senten·

211 2541 265 2576 m
320 2521 477 2578 iuxta
535 2525 904 2592 predictarum
960 2525 1269 2578 litterarum
1327 2537 1638 2578 nostrarum
1697 2526 1887 2577 seriem
1946 2526 2112 2577 facias

51 2630 54 2667 ζ
256 2608 453 2660 tocius
487 2609 643 2660 nobis
679 2609 828 2660 mitti
860 2620 917 2659 et
952 2620 1211 2661 contenta
1247 2611 1302 2661 in
1336 2610 1540 2663 eisdem
1574 2610 1769 2660 litteris
1804 2607 2113 2660 executioni

43 2690 48 2691 ⁷
128 2689 311 2750 ‚bite
352 2691 687 2743 demandari.
733 2692 1190 2755 Contradictores‚
1232 2703 1338 2744 etc.
1387 2693 1457 2743 Et
1515 2692 1894 2743 nichilominus
1949 2709 2111 2758 super

143 2774 505 2841 'ppressione
535 2793 599 2827 ac
629 2775 935 2826 retentione
968 2776 1241 2827 maliciosa
1275 2777 1583 2827 litterarum
1616 2776 1855 2842 ipsarum
1899 2793 2109 2825 necnon

227 2849 509 2911 ''ficatione
540 2877 644 2927 que
675 2859 742 2911 de
772 2877 835 2911 ac
865 2878 1026 2927 super
1057 2878 1308 2927 processu
1341 2878 1523 2911 coram
1556 2858 1810 2926 predictis
1841 2857 2109 2910 iudicibus

138 2944 142 2952 ²
288 2940 459 2993 ribus
515 2942 705 2994 habito
765 2942 913 2994 facta
972 2942 1136 2995 fuisse
1195 2942 1394 2994 dicitur
1452 2940 1836 2993 informatione
1865 2927 2111 3007 diligenti

250 3033 346 3091 pta
377 3042 499 3078 eam
530 3025 686 3077 nobis
718 3027 820 3077 sub
854 3036 950 3077 tuo
987 3026 1218 3077 fideliter
1250 3027 1514 3077 inclusam
1548 3025 1719 3090 sigillo
1754 3024 1969 3076 mittere
2003 3041 2109 3076 non

142 3101 147 3109 ¹
196 3137 200 3146 ·
266 3122 455 3174 ponas.
488 3134 558 3145 —·
590 3108 796 3160 Datum
830 3108 1104 3171 Avinioni,
1139 3128 1199 3160 ix
1234 3110 1491 3160 kalendas
1527 3107 1728 3169 marcii,
1761 3125 1904 3158 anno
1936 3116 2111 3158 sexto.

67 3295 80 3337 '.
143 3259 145 3266 Α
166 3267 232 3338 -Τὶ,
260 3267 444 3315 Aru-'ml
469 3274 525 3316 de
550 3273 757 3327 Verdale;
787 3274 884 3316 voir
909 3290 951 3317 n.
980 3276 1079 3329 164,
1106 3284 1210 3318 note
1236 3277 1276 3317 1.

61 3334 73 3344 ”
162 3373 167 3380 .
193 3338 235 3383 2.
259 3338 376 3383 Pom·
399 3349 546 3384 toute·
569 3343 631 3385 les
654 3343 912 3397 references,
937 3344 1034 3385 voir
1056 3359 1098 3386 n.
1124 3346 1222 3396 172,
1248 3353 1388 3386 notes.

192 3406 234 3452 8.
257 3409 433 3464 Aymon
456 3411 512 3453 de
534 3411 775 3461 Caumont3
803 3428 844 3454 n.
870 3413 968 3465 162,
994 3422 1097 3454 note
1121 3415 1160 3455 1.

80 3517 84 3521 ,
151 3483 165 3518 2⁵
193 3474 235 3519 t.
258 3477 324 3521 ct.
349 3493 392 3520 n.
418 3481 516 3534 172,
540 3481 638 3523 173.

882 3712 980 3723 ῳ..-

1244 3718 1369 3728 ...-

953 3845 1239 3881 numanum
1262 3866 1300 3871 —
1322 3849 1377 3881 18

49 4008 53 4027 -.
43 3861 51 3984 -ο-οη
42 3820 46 3829 -
42 3780 45 3791 ·
