2540 4354
439 374 503 424 10
827 393 1114 424 BULLMRE
1158 393 1231 423 DE
1275 373 1689 432 L’1NQu1s1T1oN
1735 388 2055 431 FRANcmsr:

432 506 632 556 totiens
679 506 1023 573 propulsavit
1067 506 1338 567 auditum,
1387 505 1531 570 quod
1580 503 1738 553 multi
1783 502 2028 552 homines
2062 494 2276 554 illarum
2323 522 2440 569 par-

431 590 569 640 tium
602 609 694 656 per
723 591 1091 641 venerabilem
1122 591 1347 640 fratrem
1393 599 1642 639 nostrum
1686 588 2091 655 B[ernardum],
2126 588 2441 654 episcopum

432 674 762 737 Albicnsem,
796 686 850 724 et
883 675 1109 725 dilectos
1173 674 1310 723 filios
1356 672 1737 738 inquisitorem
1785 689 1877 720 seu
1938 670 2305 736 inquisitores,
2350 673 2442 737 qui

430 769 558 808 sunt
585 770 683 809 aut
709 759 933 809 fuerunt
960 776 1056 824 pro
1083 769 1329 824 tempore
1357 757 1411 807 in
1439 755 1689 823 partibus
1717 754 1818 805 illis
1846 754 2081 805 heretice
2130 756 2439 822 pravitatis,

429 853 692 908 pcrpetuo
729 861 883 893 muro
918 827 1223 908 adjudicati
1258 842 1480 891 suerunt
1513 850 1568 889 et
1602 839 1807 905 privati
1854 839 2107 889 omnibus
2143 840 2297 890 bonis
2332 841 2439 890 suis

430 938 617 977 contra
659 929 833 976 Deum
867 938 921 976 et
955 926 1229 992 justitiam
1265 937 1319 976 et
1352 925 1555 989 inique,
1593 943 1716 973 cum
1766 923 1840 973 illi
1889 923 2134 974 homines
2184 924 2437 975 catholici

426 1022 606 1060 essent
643 1022 697 1060 et
733 1011 847 1060 veri
883 1030 943 1062 ac
982 1010 1110 1060 boni
1148 1009 1430 1059 christiani
1467 1008 1832 1057 communiter
1870 1027 2040 1074 usque
2078 1019 2211 1058 tunc
2247 1009 2302 1058 in
2337 1009 2438 1058 illis

427 1094 675 1159 partibus
708 1096 1057 1156 haberentur,
1092 1105 1254 1160 prout
1287 1093 1419 1143 dicti
1451 1103 1818 1158 proponentes
1864 1111 1917 1142 se
1963 1092 2202 1142 offerunt
2246 1095 2439 1159 proba-

428 1188 580 1228 turos
606 1190 660 1228 et
687 1180 750 1228 de
776 1179 975 1244 iniquis
1003 1177 1343 1244 processibus
1370 1177 1611 1243 episcopi
1636 1195 1697 1226 ac
1722 1176 2112 1242 inquisitorum
2139 1178 2437 1227 multorum

428 1261 517 1327 qui
545 1262 599 1312 in
626 1263 875 1328 partibus
901 1262 1002 1312 illis
1031 1263 1271 1324 fuerunt,
1300 1280 1353 1312 se
1380 1261 1711 1312 sufficienter
1737 1262 2012 1312 docturos.
2045 1263 2263 1323 Verum,
2293 1261 2437 1326 quia,

427 1346 698 1411 pendente
727 1346 1045 1412 hujusmodi
1073 1346 1375 1411 questione,
1406 1345 1686 1407 dubitant,
1717 1355 1778 1394 ut
1806 1356 2074 1407 asserunt,
2105 1346 2168 1395 de
2198 1346 2437 1411 personis

426 1431 874 1495 prosequentium
916 1431 1125 1480 dictum
1181 1430 1479 1495 negotium,
1539 1430 1684 1495 quod
1742 1441 2038 1494 graventur
2093 1432 2162 1480 ab
2217 1430 2437 1495 inquisi-

428 1514 636 1565 toribus
702 1515 1047 1581 supradictis,
1116 1516 1371 1581 quodque
1436 1515 1570 1564 nulli
1621 1515 1688 1565 ad
1725 1515 2008 1564 ferendum
2060 1514 2436 1564 testimonium

425 1610 613 1650 contra
641 1598 989 1664 inquisitores
1018 1599 1162 1665 ipsos
1192 1600 1434 1650 audeant
1478 1616 1786 1664 conparere,
1833 1599 1926 1664 qui
1967 1599 2010 1649 si
2053 1597 2439 1665 conparuerint

427 1684 572 1748 quod
612 1683 961 1749 inquisitores
1002 1684 1218 1734 seviant
1258 1695 1447 1734 contra
1488 1702 1595 1745 eos,
1651 1695 1705 1732 et
1759 1685 1905 1748 quod
1962 1694 2151 1734 contra
2205 1684 2322 1733 illos
2375 1685 2445 1734 de·

424 1786 657 1832 quorum
690 1768 870 1834 agitur
904 1769 1399 1834 condempnatione
1433 1768 1658 1834 injusta,
1696 1768 1789 1833 qui
1820 1769 1875 1817 in
1909 1768 2438 1840 dictorumJepiscopi

426 1863 480 1902 et
512 1853 900 1918 inquisitorum
936 1853 1102 1904 muris
1136 1871 1229 1904 seu
1264 1853 1568 1904 carceribus
1603 1853 1921 1903 detinentur
1953 1863 2008 1902 et
2042 1854 2176 1904 adeo
2212 1872 2438 1919 gravan-

427 1949 516 1987 tur
554 1949 608 1987 et
647 1939 911 1988 hactenus
951 1949 1079 1988 sunt
1120 1937 1334 2003 gravati
1373 1937 1598 1989 carceris
1639 1938 1910 2002 angustia,
1951 1939 2218 1988 lectorum
2256 1938 2436 1990 inedia

423 2023 820 2074 etvictualium
861 2023 1086 2089 penuria
1127 2034 1181 2072 et
1221 2023 1420 2073 sevicia
1460 2034 1863 2073 tormentorum
1905 2024 2050 2089 quod
2070 2025 2294 2074 reddere
2334 2024 2438 2090 spi-

424 2109 592 2158 ritum
642 2120 770 2158 sunt
820 2108 1012 2170 coacti,
1064 2109 1242 2158 adhuc
1293 2108 1526 2174 amplius
1577 2119 1928 2173 agraventur‚
1994 2127 2090 2158 nos
2155 2109 2438 2175 providere

426 2192 525 2243 illis
567 2193 630 2242 de
673 2204 945 2259 oportuno
984 2193 1222 2243 remedio
1264 2211 1642 2243 curaremus...
1689 2191 1839 2242 Licet
1879 2203 2066 2243 autem
2087 2212 2308 2244 causam
2348 2213 2439 2244 seu

427 2277 769 2342 questionem
806 2278 870 2327 de
908 2277 1180 2327 dictorum
1217 2277 1456 2343 episcopi
1492 2288 1546 2326 et
1581 2277 1971 2342 inquisitorum
2007 2278 2348 2344 processibus
2383 2279 2436 2329 iu

426 2372 611 2412 nostra
633 2362 776 2412 curia
801 2381 982 2413 coram
1005 2362 1405 2413 venerabilibus
1426 2361 1688 2412 fratribus
1708 2362 1907 2412 nostris
1944 2362 2179 2413 Ecclesie
2214 2382 2439 2414 romane

425 2445 791 2496 cardinalibus
826 2447 1106 2512 deputatis
1143 2447 1210 2497 ad
1247 2448 1347 2496 hoc
1382 2457 1498 2496 tam
1534 2465 1563 2496 a
1599 2446 1754 2496 nobis
1792 2465 1959 2512 quam
1995 2465 2023 2497 a
2059 2446 2226 2497 felicis
2261 2466 2438 2498 recor-

424 2530 664 2581 dacionis
695 2531 992 2580 Benedicto
1024 2550 1166 2597 papa
1191 2532 1288 2592 XI,
1322 2531 1697 2596 predecessore
1729 2542 1934 2592 nostro,
1956 2531 2152 2596 agitari
2181 2532 2438 2596 velimus3
2511 2556 2515 2566 Δ

426 2615 551 2681 quia
578 2626 764 2665 tamen
789 2615 852 2664 de
881 2615 1153 2681 premissis
1179 2615 1421 2665 articulis
1447 2614 1816 2665 incidentibus
1843 2635 1958 2677 vos,
1986 2615 2079 2681 qui
2103 2617 2168 2666 de
2194 2618 2434 2683 personis

424 2711 479 2750 et
508 2699 741 2765 negociis
770 2700 986 2750 illarum
1016 2699 1258 2766 partium
1287 2718 1379 2765 pre
1411 2699 1601 2749 ceteris
1632 2699 1999 2750 cardinalibus
2020 2700 2277 2751 notitiam
2297 2702 2422 2752 obti-

363 2843 366 2847 ,
425 2783 562 2834 netis
589 2794 644 2834 et
671 2802 764 2850 per
791 2795 973 2850 partes
1000 2784 1117 2834 illas
1159 2783 1388 2834 transire
1417 2783 1649 2845 habetis,
1678 2802 1745 2833 ex
1772 2783 2044 2849 aliquibus
2071 2785 2231 2850 justis
2261 2786 2433 2837 causis
2503 2842 2506 2843 ⁷

425 2868 634 2920 facilius
691 2867 940 2935 poteritis
997 2868 1299 2934 providere,
1358 2867 1833 2934 circumspectioni
1888 2880 2067 2918 vestre
2137 2870 2431 2920 committi-

426 2972 543 3003 mus
575 2963 630 3002 et
662 2953 988 3003 mandamus
1023 2952 1282 3018 quatinus
1315 2952 1577 3003 fratribus
1610 2953 1887 3002 Bernardo
1919 2954 2148 3003 Blanchi
2178 2965 2232 3004 et
2267 2955 2429 3006 Fran-

424 3036 564 3086 cisco
599 3035 889 3102 Aymerici,
927 3036 991 3085 de
1027 3036 1213 3086 ordine
1250 3036 1675 3102 predicatorum,
1727 3055 1937 3087 necnon
1986 3048 2041 3087 et
2090 3038 2205 3088 aliis
2255 3038 2429 3090 tribus

423 3121 508 3170 vel
556 3131 794 3186 quatuor
841 3121 904 3169 de
955 3120 1200 3186 quolibet
1247 3121 1619 3186 predictorum
1666 3121 1928 3182 locorum,
1979 3123 2431 3174 Carcassonnensi

422 3204 625 3254 scilicet
651 3215 706 3254 et
735 3204 975 3254 Albiensi
1002 3215 1055 3253 et
1084 3205 1310 3266 Cordue,
1342 3205 1434 3270 qui
1461 3205 1671 3254 dictum
1700 3205 1981 3271 negotium
2010 3219 2427 3273 prosequantur,

423 3287 753 3339 auctoritate
787 3299 973 3338 nostra
1008 3289 1360 3339 securitatem
1394 3289 1664 3355 prestetis,
1700 3290 1918 3355 negotio
1952 3292 2267 3356 supradicto
2302 3311 2427 3358 pen-

428 3374 617 3434 dente3
659 3373 915 3438 quodque
964 3371 1183 3421 interim
1240 3373 1496 3438 predictis
1536 3373 1884 3424 incarceratis
1925 3385 1978 3423 et
2017 3373 2345 3439 immuratis,
2386 3377 2427 3427 si

424 3475 513 3507 eos
547 3456 792 3509 videritis
826 3456 1082 3522 indigere,
1118 3457 1302 3507 taliter
1336 3457 1620 3522 providere
1655 3458 1834 3508 velitis
1870 3459 2016 3524 quod
2051 3470 2240 3511 contra
2273 3460 2428 3526 iusti-

425 3541 563 3592 ciam
597 3560 705 3590 non
740 3552 1052 3606 graventur.
1092 3542 1162 3590 Et
1195 3540 1321 3606 quia
1356 3542 1569 3606 publice
1604 3542 1734 3592 utile
1768 3553 1851 3592 est
1883 3542 2014 3593 scire
2036 3543 2327 3595 veritatem
2360 3565 2427 3596 an

425 3625 771 3690 inquisitores
807 3627 941 3675 bene
978 3625 1354 3690 processerint,
1391 3637 1453 3675 ut
1488 3637 1763 3691 optamus,
1799 3645 1865 3676 an
1904 3645 2188 3693 perperam
2223 3629 2429 3694 egerint

425 3720 478 3759 et
514 3708 714 3774 inique,
754 3710 897 3775 quod
937 3709 1098 3771 absit,
1139 3720 1199 3758 ut
1236 3709 1466 3776 quilibet
1502 3721 1668 3760 testes
1706 3710 1888 3760 venire
1925 3711 2136 3777 possint
2172 3714 2240 3764 ad
2277 3714 2427 3765 testi·
2500 3771 2503 3775 ,
2536 3704 2540 3714 ’

428 3793 669 3845 monium
716 3793 1132 3860 perhibendum,
1182 3795 1433 3845 volumus
1481 3805 1530 3843 et
1583 3796 1908 3848 mandamus
1956 3797 2120 3863 quod,
2155 3797 2424 3849 dictorum
