<?xml version="1.0" encoding="UTF-8"?>
<!DOCTYPE html PUBLIC "-//W3C//DTD XHTML 1.0 Transitional//EN"
    "http://www.w3.org/TR/xhtml1/DTD/xhtml1-transitional.dtd">
<html xmlns="http://www.w3.org/1999/xhtml" xml:lang="en" lang="en">
 <head>
  <title>
</title>
<meta http-equiv="Content-Type" content="text/html;charset=utf-8" />
  <meta name='ocr-system' content='tesseract 3.04.00' />
  <meta name='ocr-capabilities' content='ocr_page ocr_carea ocr_par ocr_line ocrx_word'/>
</head>
<body>
  <div class='ocr_page' id='page_1' title='image "./bullairedelinqui00cathuoft_0506.png"; bbox 0 0 2540 4354; ppageno 0'>
   <div class='ocr_carea' id='block_1_1' title="bbox 448 377 2065 445">
    <p class='ocr_par' dir='ltr' id='par_1_1' title="bbox 448 377 2065 445">
     <span class='ocr_line' id='line_1_1' title="bbox 448 377 2065 445; baseline -0.001 -11"><span class='ocrx_word' id='word_1_1' title='bbox 448 383 550 434; x_wconf 88' lang='grc'><strong>412</strong></span> <span class='ocrx_word' id='word_1_2' title='bbox 851 398 1135 430; x_wconf 70' lang='grc' dir='ltr'><strong>ΒυιιΑιΒΕ</strong></span> <span class='ocrx_word' id='word_1_3' title='bbox 1181 396 1255 427; x_wconf 81' lang='lat' dir='ltr'><strong>DE</strong></span> <span class='ocrx_word' id='word_1_4' title='bbox 1300 377 1711 436; x_wconf 69' lang='lat' dir='ltr'><strong>L’QOsrrioN</strong></span> <span class='ocrx_word' id='word_1_5' title='bbox 1755 400 2065 445; x_wconf 63' lang='lat' dir='ltr'><strong>FRANQAlsE</strong></span> 
     </span>
    </p>
   </div>
   <div class='ocr_carea' id='block_1_2' title="bbox 455 514 2468 3296">
    <p class='ocr_par' dir='ltr' id='par_1_2' title="bbox 455 514 2468 2790">
     <span class='ocr_line' id='line_1_2' title="bbox 455 514 2461 582; baseline 0 -15"><span class='ocrx_word' id='word_1_6' title='bbox 455 516 642 567; x_wconf 81' lang='lat' dir='ltr'><strong>dolor!</strong></span> <span class='ocrx_word' id='word_1_7' title='bbox 686 516 946 567; x_wconf 86' lang='lat' dir='ltr'><strong>continuo</strong></span> <span class='ocrx_word' id='word_1_8' title='bbox 988 515 1311 578; x_wconf 81' lang='lat' dir='ltr'><strong>adaugetur.</strong></span> <span class='ocrx_word' id='word_1_9' title='bbox 1361 514 1516 563; x_wconf 90' lang='lat' dir='ltr'><strong>Unde</strong></span> <span class='ocrx_word' id='word_1_10' title='bbox 1560 514 1603 564; x_wconf 92' lang='lat' dir='ltr'><strong>si</strong></span> <span class='ocrx_word' id='word_1_11' title='bbox 1645 533 1807 582; x_wconf 91' lang='lat' dir='ltr'><strong>super</strong></span> <span class='ocrx_word' id='word_1_12' title='bbox 1850 517 1950 568; x_wconf 93' lang='lat' dir='ltr'><strong>hiis</strong></span> <span class='ocrx_word' id='word_1_13' title='bbox 1995 518 2133 568; x_wconf 89' lang='lat' dir='ltr'><strong>celer</strong></span> <span class='ocrx_word' id='word_1_14' title='bbox 2173 527 2228 567; x_wconf 91' lang='lat' dir='ltr'><strong>et</strong></span> <span class='ocrx_word' id='word_1_15' title='bbox 2271 518 2461 568; x_wconf 83' lang='lat' dir='ltr'><strong>efficax</strong></span> 
     </span>
     <span class='ocr_line' id='line_1_3' title="bbox 455 596 2463 667; baseline -0 -15"><span class='ocrx_word' id='word_1_16' title='bbox 455 619 564 652; x_wconf 92' lang='lat' dir='ltr'><strong>non</strong></span> <span class='ocrx_word' id='word_1_17' title='bbox 603 610 918 667; x_wconf 91' lang='lat' dir='ltr'><strong>apponatur</strong></span> <span class='ocrx_word' id='word_1_18' title='bbox 954 597 1258 648; x_wconf 82' lang='lat' dir='ltr'><strong>remedium</strong></span> <span class='ocrx_word' id='word_1_19' title='bbox 1296 596 1350 648; x_wconf 92' lang='lat' dir='ltr'><strong>in</strong></span> <span class='ocrx_word' id='word_1_20' title='bbox 1391 598 1644 649; x_wconf 91' lang='lat' dir='ltr'><strong>omnibus</strong></span> <span class='ocrx_word' id='word_1_21' title='bbox 1686 599 1845 651; x_wconf 89' lang='lat' dir='ltr'><strong>dictis</strong></span> <span class='ocrx_word' id='word_1_22' title='bbox 1886 602 2136 667; x_wconf 82' lang='lat' dir='ltr'><strong>partibus</strong></span> <span class='ocrx_word' id='word_1_23' title='bbox 2175 619 2367 667; x_wconf 87' lang='lat' dir='ltr'><strong>vepres</strong></span> <span class='ocrx_word' id='word_1_24' title='bbox 2407 611 2463 651; x_wconf 89' lang='lat' dir='ltr'><strong>et</strong></span> 
     </span>
     <span class='ocr_line' id='line_1_4' title="bbox 456 683 2465 751; baseline 0 -16"><span class='ocrx_word' id='word_1_25' title='bbox 456 685 608 751; x_wconf 87' lang='lat' dir='ltr'><strong>spine</strong></span> <span class='ocrx_word' id='word_1_26' title='bbox 656 683 1034 735; x_wconf 89' lang='lat' dir='ltr'><strong>hereticalium</strong></span> <span class='ocrx_word' id='word_1_27' title='bbox 1082 700 1325 732; x_wconf 89' lang='lat' dir='ltr'><strong>errorum</strong></span> <span class='ocrx_word' id='word_1_28' title='bbox 1373 693 1598 748; x_wconf 79' lang='lat' dir='ltr'><strong>possent</strong></span> <span class='ocrx_word' id='word_1_29' title='bbox 1647 684 1755 733; x_wconf 88' lang='lat' dir='ltr'><strong>cito</strong></span> <span class='ocrx_word' id='word_1_30' title='bbox 1802 695 1858 734; x_wconf 91' lang='lat' dir='ltr'><strong>et</strong></span> <span class='ocrx_word' id='word_1_31' title='bbox 1907 687 2080 736; x_wconf 90' lang='lat' dir='ltr'><strong>multo</strong></span> <span class='ocrx_word' id='word_1_32' title='bbox 2130 686 2300 751; x_wconf 83' lang='lat' dir='ltr'><strong>magis</strong></span> <span class='ocrx_word' id='word_1_33' title='bbox 2347 705 2465 736; x_wconf 91' lang='lat' dir='ltr'><strong>suc-</strong></span> 
     </span>
     <span class='ocr_line' id='line_1_5' title="bbox 457 767 2467 835; baseline 0.001 -16"><span class='ocrx_word' id='word_1_34' title='bbox 457 787 709 831; x_wconf 83' lang='lat' dir='ltr'><strong>crescere,</strong></span> <span class='ocrx_word' id='word_1_35' title='bbox 753 786 864 819; x_wconf 91' lang='lat' dir='ltr'><strong>non</strong></span> <span class='ocrx_word' id='word_1_36' title='bbox 908 768 973 818; x_wconf 90' lang='lat' dir='ltr'><strong>de</strong></span> <span class='ocrx_word' id='word_1_37' title='bbox 1018 767 1164 817; x_wconf 89' lang='lat' dir='ltr'><strong>facili</strong></span> <span class='ocrx_word' id='word_1_38' title='bbox 1206 767 1505 829; x_wconf 90' lang='lat' dir='ltr'><strong>evellende,</strong></span> <span class='ocrx_word' id='word_1_39' title='bbox 1551 767 1606 818; x_wconf 92' lang='lat' dir='ltr'><strong>in</strong></span> <span class='ocrx_word' id='word_1_40' title='bbox 1651 769 1952 834; x_wconf 89' lang='lat' dir='ltr'><strong>periculum</strong></span> <span class='ocrx_word' id='word_1_41' title='bbox 1997 770 2305 822; x_wconf 91' lang='lat' dir='ltr'><strong>animarum</strong></span> <span class='ocrx_word' id='word_1_42' title='bbox 2351 788 2467 835; x_wconf 87' lang='lat' dir='ltr'><strong>gra-</strong></span> 
     </span>
     <span class='ocr_line' id='line_1_6' title="bbox 457 851 2466 921; baseline 0.001 -19"><span class='ocrx_word' id='word_1_43' title='bbox 457 853 761 916; x_wconf 90' lang='lat' dir='ltr'><strong>vissimum,</strong></span> <span class='ocrx_word' id='word_1_44' title='bbox 816 863 871 903; x_wconf 89' lang='lat' dir='ltr'><strong>et</strong></span> <span class='ocrx_word' id='word_1_45' title='bbox 925 851 1399 921; x_wconf 78' lang='lat' dir='ltr'><strong>obnubilationem</strong></span> <span class='ocrx_word' id='word_1_46' title='bbox 1455 852 1722 904; x_wconf 83' lang='lat' dir='ltr'><strong>claritatis</strong></span> <span class='ocrx_word' id='word_1_47' title='bbox 1776 855 2044 906; x_wconf 81' lang='lat' dir='ltr'><strong>catholice</strong></span> <span class='ocrx_word' id='word_1_48' title='bbox 2098 858 2202 920; x_wconf 88' lang='lat' dir='ltr'><strong>[et]</strong></span> <span class='ocrx_word' id='word_1_49' title='bbox 2252 853 2466 905; x_wconf 85' lang='lat' dir='ltr'><strong>sinceri-</strong></span> 
     </span>
     <span class='ocr_line' id='line_1_7' title="bbox 457 937 2468 1003; baseline 0 -16"><span class='ocrx_word' id='word_1_50' title='bbox 457 938 588 988; x_wconf 86' lang='lat' dir='ltr'><strong>tatis</strong></span> <span class='ocrx_word' id='word_1_51' title='bbox 635 937 761 987; x_wconf 82' lang='lat' dir='ltr'><strong>fidei</strong></span> <span class='ocrx_word' id='word_1_52' title='bbox 803 938 1126 987; x_wconf 86' lang='lat' dir='ltr'><strong>orthodoxe.</strong></span> <span class='ocrx_word' id='word_1_53' title='bbox 1186 937 1422 1003; x_wconf 89' lang='lat' dir='ltr'><strong>Ideoque</strong></span> <span class='ocrx_word' id='word_1_54' title='bbox 1466 956 1589 987; x_wconf 89' lang='lat' dir='ltr'><strong>cum</strong></span> <span class='ocrx_word' id='word_1_55' title='bbox 1631 956 1738 990; x_wconf 88' lang='lat' dir='ltr'><strong>non</strong></span> <span class='ocrx_word' id='word_1_56' title='bbox 1784 939 2154 1001; x_wconf 86' lang='lat' dir='ltr'><strong>intendamus,</strong></span> <span class='ocrx_word' id='word_1_57' title='bbox 2199 938 2340 989; x_wconf 89' lang='lat' dir='ltr'><strong>sicut</strong></span> <span class='ocrx_word' id='word_1_58' title='bbox 2371 956 2468 988; x_wconf 89' lang='lat' dir='ltr'><strong>nec</strong></span> 
     </span>
     <span class='ocr_line' id='line_1_8' title="bbox 458 1022 2466 1089; baseline 0 -17"><span class='ocrx_word' id='word_1_59' title='bbox 458 1023 738 1084; x_wconf 86' lang='lat' dir='ltr'><strong>debemus,</strong></span> <span class='ocrx_word' id='word_1_60' title='bbox 773 1022 906 1073; x_wconf 89' lang='lat' dir='ltr'><strong>talia</strong></span> <span class='ocrx_word' id='word_1_61' title='bbox 941 1023 1043 1073; x_wconf 92' lang='lat' dir='ltr'><strong>sub</strong></span> <span class='ocrx_word' id='word_1_62' title='bbox 1078 1022 1428 1073; x_wconf 85' lang='lat' dir='ltr'><strong>conniventia</strong></span> <span class='ocrx_word' id='word_1_63' title='bbox 1465 1024 1814 1089; x_wconf 88' lang='lat' dir='ltr'><strong>pertransire,</strong></span> <span class='ocrx_word' id='word_1_64' title='bbox 1850 1034 1905 1073; x_wconf 90' lang='lat' dir='ltr'><strong>et</strong></span> <span class='ocrx_word' id='word_1_65' title='bbox 1939 1025 2005 1074; x_wconf 92' lang='lat' dir='ltr'><strong>de</strong></span> <span class='ocrx_word' id='word_1_66' title='bbox 2039 1023 2265 1074; x_wconf 89' lang='lat' dir='ltr'><strong>diversis</strong></span> <span class='ocrx_word' id='word_1_67' title='bbox 2299 1041 2466 1073; x_wconf 88' lang='lat' dir='ltr'><strong>reme-</strong></span> 
     </span>
     <span class='ocr_line' id='line_1_9' title="bbox 458 1107 2466 1174; baseline 0.001 -18"><span class='ocrx_word' id='word_1_68' title='bbox 458 1107 558 1157; x_wconf 91' lang='lat' dir='ltr'><strong>diis</strong></span> <span class='ocrx_word' id='word_1_69' title='bbox 603 1107 919 1158; x_wconf 88' lang='lat' dir='ltr'><strong>duxerimus</strong></span> <span class='ocrx_word' id='word_1_70' title='bbox 965 1108 1387 1174; x_wconf 89' lang='lat' dir='ltr'><strong>providendum,</strong></span> <span class='ocrx_word' id='word_1_71' title='bbox 1432 1109 1785 1159; x_wconf 84' lang='lat' dir='ltr'><strong>nobilitatem</strong></span> <span class='ocrx_word' id='word_1_72' title='bbox 1829 1120 1985 1159; x_wconf 87' lang='lat' dir='ltr'><strong>tuam</strong></span> <span class='ocrx_word' id='word_1_73' title='bbox 2028 1108 2354 1174; x_wconf 86' lang='lat' dir='ltr'><strong>requirimus</strong></span> <span class='ocrx_word' id='word_1_74' title='bbox 2411 1118 2466 1158; x_wconf 86' lang='lat' dir='ltr'><strong>et</strong></span> 
     </span>
     <span class='ocr_line' id='line_1_10' title="bbox 461 1192 2459 1259; baseline 0.001 -18"><span class='ocrx_word' id='word_1_75' title='bbox 461 1192 764 1254; x_wconf 86' lang='lat' dir='ltr'><strong>hortamur,</strong></span> <span class='ocrx_word' id='word_1_76' title='bbox 798 1192 1184 1243; x_wconf 91' lang='lat' dir='ltr'><strong>nichilominus</strong></span> <span class='ocrx_word' id='word_1_77' title='bbox 1218 1193 1322 1243; x_wconf 87' lang='lat' dir='ltr'><strong>tibi</strong></span> <span class='ocrx_word' id='word_1_78' title='bbox 1354 1211 1449 1259; x_wconf 93' lang='lat' dir='ltr'><strong>per</strong></span> <span class='ocrx_word' id='word_1_79' title='bbox 1481 1193 1783 1259; x_wconf 88' lang='lat' dir='ltr'><strong>apostolica</strong></span> <span class='ocrx_word' id='word_1_80' title='bbox 1818 1194 2021 1259; x_wconf 87' lang='lat' dir='ltr'><strong>scripta</strong></span> <span class='ocrx_word' id='word_1_81' title='bbox 2055 1204 2110 1243; x_wconf 82' lang='lat' dir='ltr'><strong>et</strong></span> <span class='ocrx_word' id='word_1_82' title='bbox 2157 1194 2257 1243; x_wconf 92' lang='lat' dir='ltr'><strong>sub</strong></span> <span class='ocrx_word' id='word_1_83' title='bbox 2305 1192 2459 1258; x_wconf 86' lang='lat' dir='ltr'><strong>penis</strong></span> 
     </span>
     <span class='ocr_line' id='line_1_11' title="bbox 458 1275 2466 1344; baseline 0.001 -20"><span class='ocrx_word' id='word_1_84' title='bbox 458 1275 586 1326; x_wconf 89' lang='lat' dir='ltr'><strong>iuris</strong></span> <span class='ocrx_word' id='word_1_85' title='bbox 637 1276 986 1342; x_wconf 90' lang='lat' dir='ltr'><strong>precipiendo</strong></span> <span class='ocrx_word' id='word_1_86' title='bbox 1038 1278 1384 1340; x_wconf 87' lang='lat' dir='ltr'><strong>mandantes,</strong></span> <span class='ocrx_word' id='word_1_87' title='bbox 1437 1278 1697 1344; x_wconf 88' lang='lat' dir='ltr'><strong>quatinus</strong></span> <span class='ocrx_word' id='word_1_88' title='bbox 1749 1277 2063 1329; x_wconf 91' lang='lat' dir='ltr'><strong>huiusmodi</strong></span> <span class='ocrx_word' id='word_1_89' title='bbox 2112 1276 2364 1327; x_wconf 88' lang='lat' dir='ltr'><strong>hereticis</strong></span> <span class='ocrx_word' id='word_1_90' title='bbox 2411 1286 2466 1326; x_wconf 89' lang='lat' dir='ltr'><strong>et</strong></span> 
     </span>
     <span class='ocr_line' id='line_1_12' title="bbox 458 1360 2466 1426; baseline 0 -16"><span class='ocrx_word' id='word_1_91' title='bbox 458 1360 766 1412; x_wconf 85' lang='lat' dir='ltr'><strong>fautoribus</strong></span> <span class='ocrx_word' id='word_1_92' title='bbox 808 1380 1013 1424; x_wconf 86' lang='lat' dir='ltr'><strong>eorum,</strong></span> <span class='ocrx_word' id='word_1_93' title='bbox 1055 1363 1265 1413; x_wconf 91' lang='lat' dir='ltr'><strong>nullum</strong></span> <span class='ocrx_word' id='word_1_94' title='bbox 1307 1363 1590 1426; x_wconf 90' lang='lat' dir='ltr'><strong>auxilium,</strong></span> <span class='ocrx_word' id='word_1_95' title='bbox 1634 1363 1918 1415; x_wconf 89' lang='lat' dir='ltr'><strong>consilium</strong></span> <span class='ocrx_word' id='word_1_96' title='bbox 1938 1364 2025 1413; x_wconf 91' lang='lat' dir='ltr'><strong>vel</strong></span> <span class='ocrx_word' id='word_1_97' title='bbox 2041 1363 2287 1414; x_wconf 84' lang='lat' dir='ltr'><strong>favorem</strong></span> <span class='ocrx_word' id='word_1_98' title='bbox 2319 1360 2466 1410; x_wconf 84' lang='lat' dir='ltr'><strong>exhi-</strong></span> 
     </span>
     <span class='ocr_line' id='line_1_13' title="bbox 460 1446 2464 1514; baseline 0 -20"><span class='ocrx_word' id='word_1_99' title='bbox 460 1446 583 1495; x_wconf 89' lang='lat' dir='ltr'><strong>bere</strong></span> <span class='ocrx_word' id='word_1_100' title='bbox 618 1464 918 1511; x_wconf 88' lang='lat' dir='ltr'><strong>presumas,</strong></span> <span class='ocrx_word' id='word_1_101' title='bbox 956 1447 1201 1512; x_wconf 91' lang='lat' dir='ltr'><strong>quinimo</strong></span> <span class='ocrx_word' id='word_1_102' title='bbox 1237 1447 1384 1498; x_wconf 91' lang='lat' dir='ltr'><strong>dicto</strong></span> <span class='ocrx_word' id='word_1_103' title='bbox 1419 1448 1732 1514; x_wconf 90' lang='lat' dir='ltr'><strong>inquisitori</strong></span> <span class='ocrx_word' id='word_1_104' title='bbox 1768 1467 1891 1498; x_wconf 94' lang='lat' dir='ltr'><strong>cum</strong></span> <span class='ocrx_word' id='word_1_105' title='bbox 1926 1459 2024 1498; x_wconf 87' lang='lat' dir='ltr'><strong>tuo</strong></span> <span class='ocrx_word' id='word_1_106' title='bbox 2060 1446 2281 1498; x_wconf 84' lang='lat' dir='ltr'><strong>brachio</strong></span> <span class='ocrx_word' id='word_1_107' title='bbox 2316 1463 2464 1496; x_wconf 84' lang='lat' dir='ltr'><strong>seeu-</strong></span> 
     </span>
     <span class='ocr_line' id='line_1_14' title="bbox 459 1530 2461 1599; baseline 0 -20"><span class='ocrx_word' id='word_1_108' title='bbox 459 1530 558 1579; x_wconf 86' lang='lat' dir='ltr'><strong>lari</strong></span> <span class='ocrx_word' id='word_1_109' title='bbox 592 1530 825 1581; x_wconf 86' lang='lat' dir='ltr'><strong>fideliter</strong></span> <span class='ocrx_word' id='word_1_110' title='bbox 855 1543 910 1582; x_wconf 92' lang='lat' dir='ltr'><strong>et</strong></span> <span class='ocrx_word' id='word_1_111' title='bbox 941 1532 1232 1583; x_wconf 86' lang='lat' dir='ltr'><strong>efficaciter</strong></span> <span class='ocrx_word' id='word_1_112' title='bbox 1263 1533 1486 1584; x_wconf 87' lang='lat' dir='ltr'><strong>assistas</strong></span> <span class='ocrx_word' id='word_1_113' title='bbox 1532 1552 1594 1584; x_wconf 92' lang='lat' dir='ltr'><strong>ac</strong></span> <span class='ocrx_word' id='word_1_114' title='bbox 1640 1533 1861 1584; x_wconf 90' lang='lat' dir='ltr'><strong>obedias</strong></span> <span class='ocrx_word' id='word_1_115' title='bbox 1896 1533 1950 1583; x_wconf 89' lang='lat' dir='ltr'><strong>in</strong></span> <span class='ocrx_word' id='word_1_116' title='bbox 1996 1530 2293 1599; x_wconf 85' lang='lat' dir='ltr'><strong>premissis.</strong></span> <span class='ocrx_word' id='word_1_117' title='bbox 2332 1547 2461 1596; x_wconf 93' lang='lat' dir='ltr'><strong>quo-</strong></span> 
     </span>
     <span class='ocr_line' id='line_1_15' title="bbox 460 1614 2464 1684; baseline 0 -21"><span class='ocrx_word' id='word_1_118' title='bbox 460 1614 839 1682; x_wconf 88' lang='lat' dir='ltr'><strong>tienscumque</strong></span> <span class='ocrx_word' id='word_1_119' title='bbox 878 1635 972 1683; x_wconf 92' lang='lat' dir='ltr'><strong>per</strong></span> <span class='ocrx_word' id='word_1_120' title='bbox 1008 1636 1135 1668; x_wconf 91' lang='lat' dir='ltr'><strong>eum</strong></span> <span class='ocrx_word' id='word_1_121' title='bbox 1173 1618 1336 1669; x_wconf 83' lang='lat' dir='ltr'><strong>fueris</strong></span> <span class='ocrx_word' id='word_1_122' title='bbox 1374 1618 1688 1684; x_wconf 89' lang='lat' dir='ltr'><strong>requisitus,</strong></span> <span class='ocrx_word' id='word_1_123' title='bbox 1729 1618 1803 1668; x_wconf 89' lang='lat' dir='ltr'><strong>sic</strong></span> <span class='ocrx_word' id='word_1_124' title='bbox 1840 1618 1896 1668; x_wconf 92' lang='lat' dir='ltr'><strong>in</strong></span> <span class='ocrx_word' id='word_1_125' title='bbox 1934 1617 2206 1684; x_wconf 89' lang='lat' dir='ltr'><strong>premissis</strong></span> <span class='ocrx_word' id='word_1_126' title='bbox 2245 1625 2464 1667; x_wconf 88' lang='lat' dir='ltr'><strong>acturus</strong></span> 
     </span>
     <span class='ocr_line' id='line_1_16' title="bbox 461 1699 2464 1765; baseline 0.001 -18"><span class='ocrx_word' id='word_1_127' title='bbox 461 1699 606 1764; x_wconf 89' lang='lat' dir='ltr'><strong>quod</strong></span> <span class='ocrx_word' id='word_1_128' title='bbox 640 1700 836 1752; x_wconf 85' lang='lat' dir='ltr'><strong>exinde</strong></span> <span class='ocrx_word' id='word_1_129' title='bbox 867 1703 1080 1752; x_wconf 91' lang='lat' dir='ltr'><strong>nullum</strong></span> <span class='ocrx_word' id='word_1_130' title='bbox 1113 1703 1311 1765; x_wconf 89' lang='lat' dir='ltr'><strong>anime,</strong></span> <span class='ocrx_word' id='word_1_131' title='bbox 1347 1714 1526 1754; x_wconf 91' lang='lat' dir='ltr'><strong>status</strong></span> <span class='ocrx_word' id='word_1_132' title='bbox 1560 1713 1615 1752; x_wconf 91' lang='lat' dir='ltr'><strong>et</strong></span> <span class='ocrx_word' id='word_1_133' title='bbox 1661 1703 1880 1753; x_wconf 89' lang='lat' dir='ltr'><strong>honoris</strong></span> <span class='ocrx_word' id='word_1_134' title='bbox 1930 1714 2152 1752; x_wconf 88' lang='lat' dir='ltr'><strong>tuorum</strong></span> <span class='ocrx_word' id='word_1_135' title='bbox 2198 1701 2464 1752; x_wconf 88' lang='lat' dir='ltr'><strong>iacturam</strong></span> 
     </span>
     <span class='ocr_line' id='line_1_17' title="bbox 459 1783 2466 1854; baseline 0 -20"><span class='ocrx_word' id='word_1_136' title='bbox 459 1783 720 1847; x_wconf 86' lang='lat' dir='ltr'><strong>incurras,</strong></span> <span class='ocrx_word' id='word_1_137' title='bbox 760 1787 853 1837; x_wconf 91' lang='lat' dir='ltr'><strong>sed</strong></span> <span class='ocrx_word' id='word_1_138' title='bbox 891 1788 1075 1853; x_wconf 89' lang='lat' dir='ltr'><strong>potius</strong></span> <span class='ocrx_word' id='word_1_139' title='bbox 1114 1789 1262 1854; x_wconf 93' lang='lat' dir='ltr'><strong>apud</strong></span> <span class='ocrx_word' id='word_1_140' title='bbox 1303 1790 1480 1839; x_wconf 91' lang='lat' dir='ltr'><strong>Deum</strong></span> <span class='ocrx_word' id='word_1_141' title='bbox 1519 1788 1776 1839; x_wconf 89' lang='lat' dir='ltr'><strong>meritum</strong></span> <span class='ocrx_word' id='word_1_142' title='bbox 1814 1799 1870 1837; x_wconf 91' lang='lat' dir='ltr'><strong>et</strong></span> <span class='ocrx_word' id='word_1_143' title='bbox 1907 1788 1962 1838; x_wconf 92' lang='lat' dir='ltr'><strong>in</strong></span> <span class='ocrx_word' id='word_1_144' title='bbox 2013 1788 2191 1837; x_wconf 89' lang='lat' dir='ltr'><strong>seculo</strong></span> <span class='ocrx_word' id='word_1_145' title='bbox 2245 1785 2466 1851; x_wconf 86' lang='lat' dir='ltr'><strong>gloriam</strong></span> 
     </span>
     <span class='ocr_line' id='line_1_18' title="bbox 458 1868 2465 1939; baseline -0 -20"><span class='ocrx_word' id='word_1_146' title='bbox 458 1870 780 1935; x_wconf 89' lang='lat' dir='ltr'><strong>assequaris.</strong></span> <span class='ocrx_word' id='word_1_147' title='bbox 813 1871 1072 1923; x_wconf 90' lang='lat' dir='ltr'><strong>Memoria</strong></span> <span class='ocrx_word' id='word_1_148' title='bbox 1102 1873 1246 1923; x_wconf 91' lang='lat' dir='ltr'><strong>enim</strong></span> <span class='ocrx_word' id='word_1_149' title='bbox 1275 1873 1661 1924; x_wconf 89' lang='lat' dir='ltr'><strong>destructionis</strong></span> <span class='ocrx_word' id='word_1_150' title='bbox 1691 1883 1919 1924; x_wconf 86' lang='lat' dir='ltr'><strong>status..</strong></span> <span class='ocrx_word' id='word_1_151' title='bbox 1943 1872 2223 1939; x_wconf 90' lang='lat' dir='ltr'><strong>quondam</strong></span> <span class='ocrx_word' id='word_1_152' title='bbox 2256 1868 2465 1920; x_wconf 88' lang='lat' dir='ltr'><strong>comitis</strong></span> 
     </span>
     <span class='ocr_line' id='line_1_19' title="bbox 461 1953 2465 2025; baseline -0 -22"><span class='ocrx_word' id='word_1_153' title='bbox 461 1953 774 2018; x_wconf 88' lang='lat' dir='ltr'><strong>Tholosani,</strong></span> <span class='ocrx_word' id='word_1_154' title='bbox 795 1956 888 2022; x_wconf 94' lang='lat' dir='ltr'><strong>qui</strong></span> <span class='ocrx_word' id='word_1_155' title='bbox 917 1957 1043 2007; x_wconf 89' lang='lat' dir='ltr'><strong>licet</strong></span> <span class='ocrx_word' id='word_1_156' title='bbox 1061 1958 1193 2009; x_wconf 90' lang='lat' dir='ltr'><strong>alias</strong></span> <span class='ocrx_word' id='word_1_157' title='bbox 1223 1969 1576 2025; x_wconf 87' lang='lat' dir='ltr'><strong>reputaretur</strong></span> <span class='ocrx_word' id='word_1_158' title='bbox 1606 1958 1927 2022; x_wconf 89' lang='lat' dir='ltr'><strong>catholicus,</strong></span> <span class='ocrx_word' id='word_1_159' title='bbox 1947 1968 2134 2008; x_wconf 86' lang='lat' dir='ltr'><strong>tamen</strong></span> <span class='ocrx_word' id='word_1_160' title='bbox 2165 1955 2291 2021; x_wconf 90' lang='lat' dir='ltr'><strong>quia</strong></span> <span class='ocrx_word' id='word_1_161' title='bbox 2322 1955 2465 2003; x_wconf 91' lang='lat' dir='ltr'><strong>here-</strong></span> 
     </span>
     <span class='ocr_line' id='line_1_20' title="bbox 460 2037 2462 2110; baseline -0.001 -21"><span class='ocrx_word' id='word_1_162' title='bbox 460 2038 596 2090; x_wconf 91' lang='lat' dir='ltr'><strong>ticos</strong></span> <span class='ocrx_word' id='word_1_163' title='bbox 635 2040 945 2095; x_wconf 87' lang='lat' dir='ltr'><strong>sustinebat</strong></span> <span class='ocrx_word' id='word_1_164' title='bbox 982 2043 1038 2093; x_wconf 91' lang='lat' dir='ltr'><strong>in</strong></span> <span class='ocrx_word' id='word_1_165' title='bbox 1075 2062 1171 2094; x_wconf 93' lang='lat' dir='ltr'><strong>suo</strong></span> <span class='ocrx_word' id='word_1_166' title='bbox 1211 2042 1453 2094; x_wconf 91' lang='lat' dir='ltr'><strong>dominio</strong></span> <span class='ocrx_word' id='word_1_167' title='bbox 1494 2044 1567 2109; x_wconf 85' lang='lat' dir='ltr'><strong>(a)</strong></span> <span class='ocrx_word' id='word_1_168' title='bbox 1608 2043 1739 2110; x_wconf 90' lang='lat' dir='ltr'><strong>quid</strong></span> <span class='ocrx_word' id='word_1_169' title='bbox 1778 2042 1881 2094; x_wconf 91' lang='lat' dir='ltr'><strong>sibi</strong></span> <span class='ocrx_word' id='word_1_170' title='bbox 1932 2061 2000 2092; x_wconf 92' lang='lat' dir='ltr'><strong>ex</strong></span> <span class='ocrx_word' id='word_1_171' title='bbox 2036 2043 2138 2092; x_wconf 91' lang='lat' dir='ltr'><strong>hoc</strong></span> <span class='ocrx_word' id='word_1_172' title='bbox 2190 2037 2462 2099; x_wconf 88' lang='lat' dir='ltr'><strong>acciderit,</strong></span> 
     </span>
     <span class='ocr_line' id='line_1_21' title="bbox 462 2124 2464 2194; baseline -0.001 -20"><span class='ocrx_word' id='word_1_173' title='bbox 462 2135 547 2175; x_wconf 88' lang='lat' dir='ltr'><strong>est</strong></span> <span class='ocrx_word' id='word_1_174' title='bbox 591 2143 659 2175; x_wconf 90' lang='lat' dir='ltr'><strong>ex</strong></span> <span class='ocrx_word' id='word_1_175' title='bbox 702 2126 850 2178; x_wconf 90' lang='lat' dir='ltr'><strong>dicta</strong></span> <span class='ocrx_word' id='word_1_176' title='bbox 894 2128 1156 2179; x_wconf 92' lang='lat' dir='ltr'><strong>memoria</strong></span> <span class='ocrx_word' id='word_1_177' title='bbox 1202 2128 1454 2179; x_wconf 89' lang='lat' dir='ltr'><strong>omnibus</strong></span> <span class='ocrx_word' id='word_1_178' title='bbox 1500 2129 1566 2179; x_wconf 92' lang='lat' dir='ltr'><strong>de</strong></span> <span class='ocrx_word' id='word_1_179' title='bbox 1608 2128 1726 2179; x_wconf 91' lang='lat' dir='ltr'><strong>istis</strong></span> <span class='ocrx_word' id='word_1_180' title='bbox 1786 2127 2035 2194; x_wconf 86' lang='lat' dir='ltr'><strong>partibus</strong></span> <span class='ocrx_word' id='word_1_181' title='bbox 2095 2124 2464 2177; x_wconf 83' lang='lat' dir='ltr'><strong>manifestum.</strong></span> 
     </span>
     <span class='ocr_line' id='line_1_22' title="bbox 463 2208 2462 2265; baseline -0.001 -5"><span class='ocrx_word' id='word_1_182' title='bbox 463 2210 715 2262; x_wconf 91' lang='lat' dir='ltr'><strong>Ceterum</strong></span> <span class='ocrx_word' id='word_1_183' title='bbox 749 2222 811 2262; x_wconf 90' lang='lat' dir='ltr'><strong>ut</strong></span> <span class='ocrx_word' id='word_1_184' title='bbox 843 2223 1033 2264; x_wconf 89' lang='lat' dir='ltr'><strong>contra</strong></span> <span class='ocrx_word' id='word_1_185' title='bbox 1066 2214 1381 2265; x_wconf 90' lang='lat' dir='ltr'><strong>huiusmodi</strong></span> <span class='ocrx_word' id='word_1_186' title='bbox 1412 2214 1678 2264; x_wconf 88' lang='lat' dir='ltr'><strong>hereticos</strong></span> <span class='ocrx_word' id='word_1_187' title='bbox 1711 2224 1767 2263; x_wconf 93' lang='lat' dir='ltr'><strong>et</strong></span> <span class='ocrx_word' id='word_1_188' title='bbox 1798 2213 2040 2264; x_wconf 84' lang='lat' dir='ltr'><strong>fautores</strong></span> <span class='ocrx_word' id='word_1_189' title='bbox 2071 2229 2261 2262; x_wconf 92' lang='lat' dir='ltr'><strong>eorum</strong></span> <span class='ocrx_word' id='word_1_190' title='bbox 2292 2208 2462 2260; x_wconf 86' lang='lat' dir='ltr'><strong>effica-</strong></span> 
     </span>
     <span class='ocr_line' id='line_1_23' title="bbox 463 2292 2466 2362; baseline -0 -18"><span class='ocrx_word' id='word_1_191' title='bbox 463 2295 574 2347; x_wconf 91' lang='lat' dir='ltr'><strong>cius</strong></span> <span class='ocrx_word' id='word_1_192' title='bbox 608 2297 954 2362; x_wconf 85' lang='lat' dir='ltr'><strong>procedatur,</strong></span> <span class='ocrx_word' id='word_1_193' title='bbox 988 2299 1358 2349; x_wconf 86' lang='lat' dir='ltr'><strong>venerabilem</strong></span> <span class='ocrx_word' id='word_1_194' title='bbox 1391 2298 1618 2350; x_wconf 84' lang='lat' dir='ltr'><strong>fratrem</strong></span> <span class='ocrx_word' id='word_1_195' title='bbox 1651 2309 1914 2349; x_wconf 90' lang='lat' dir='ltr'><strong>nostrum·</strong></span> <span class='ocrx_word' id='word_1_196' title='bbox 1952 2295 2311 2356; x_wconf 86' lang='lat' dir='ltr'><strong>Anthonium,</strong></span> <span class='ocrx_word' id='word_1_197' title='bbox 2357 2292 2466 2359; x_wconf 87' lang='lat' dir='ltr'><strong>epi-</strong></span> 
     </span>
     <span class='ocr_line' id='line_1_24' title="bbox 462 2377 2466 2450; baseline -0.001 -20"><span class='ocrx_word' id='word_1_198' title='bbox 462 2399 691 2448; x_wconf 90' lang='lat' dir='ltr'><strong>scopum</strong></span> <span class='ocrx_word' id='word_1_199' title='bbox 728 2382 983 2446; x_wconf 89' lang='lat' dir='ltr'><strong>Massan.,</strong></span> <span class='ocrx_word' id='word_1_200' title='bbox 1021 2383 1319 2450; x_wconf 91' lang='lat' dir='ltr'><strong>apostolice</strong></span> <span class='ocrx_word' id='word_1_201' title='bbox 1356 2384 1506 2434; x_wconf 90' lang='lat' dir='ltr'><strong>Sedis</strong></span> <span class='ocrx_word' id='word_1_202' title='bbox 1556 2384 1834 2446; x_wconf 91' lang='lat' dir='ltr'><strong>nuntium,</strong></span> <span class='ocrx_word' id='word_1_203' title='bbox 1872 2384 2067 2434; x_wconf 89' lang='lat' dir='ltr'><strong>harum</strong></span> <span class='ocrx_word' id='word_1_204' title='bbox 2102 2382 2350 2441; x_wconf 91' lang='lat' dir='ltr'><strong>latorem,</strong></span> <span class='ocrx_word' id='word_1_205' title='bbox 2399 2377 2466 2429; x_wconf 88' lang='lat' dir='ltr'><strong>ad</strong></span> 
     </span>
     <span class='ocr_line' id='line_1_25' title="bbox 463 2464 2463 2534; baseline -0.001 -19"><span class='ocrx_word' id='word_1_206' title='bbox 463 2465 638 2516; x_wconf 89' lang='lat' dir='ltr'><strong>dictas</strong></span> <span class='ocrx_word' id='word_1_207' title='bbox 674 2477 857 2532; x_wconf 87' lang='lat' dir='ltr'><strong>partes</strong></span> <span class='ocrx_word' id='word_1_208' title='bbox 892 2468 1192 2534; x_wconf 85' lang='lat' dir='ltr'><strong>dirigimus,</strong></span> <span class='ocrx_word' id='word_1_209' title='bbox 1248 2468 1332 2518; x_wconf 91' lang='lat' dir='ltr'><strong>cui</strong></span> <span class='ocrx_word' id='word_1_210' title='bbox 1364 2479 1523 2519; x_wconf 92' lang='lat' dir='ltr'><strong>tuam</strong></span> <span class='ocrx_word' id='word_1_211' title='bbox 1557 2468 1930 2520; x_wconf 85' lang='lat' dir='ltr'><strong>assistentiam</strong></span> <span class='ocrx_word' id='word_1_212' title='bbox 1965 2466 2222 2517; x_wconf 86' lang='lat' dir='ltr'><strong>exhibeas</strong></span> <span class='ocrx_word' id='word_1_213' title='bbox 2257 2464 2311 2515; x_wconf 88' lang='lat' dir='ltr'><strong>in</strong></span> <span class='ocrx_word' id='word_1_214' title='bbox 2345 2481 2463 2514; x_wconf 86' lang='lat' dir='ltr'><strong>con·</strong></span> 
     </span>
     <span class='ocr_line' id='line_1_26' title="bbox 465 2550 2462 2618; baseline -0.002 -18"><span class='ocrx_word' id='word_1_215' title='bbox 465 2550 581 2601; x_wconf 90' lang='lat' dir='ltr'><strong>silio</strong></span> <span class='ocrx_word' id='word_1_216' title='bbox 613 2552 775 2614; x_wconf 90' lang='lat' dir='ltr'><strong>fideli,</strong></span> <span class='ocrx_word' id='word_1_217' title='bbox 805 2571 867 2603; x_wconf 91' lang='lat' dir='ltr'><strong>ac</strong></span> <span class='ocrx_word' id='word_1_218' title='bbox 894 2553 1096 2604; x_wconf 89' lang='lat' dir='ltr'><strong>auxilio</strong></span> <span class='ocrx_word' id='word_1_219' title='bbox 1125 2565 1180 2604; x_wconf 88' lang='lat' dir='ltr'><strong>et</strong></span> <span class='ocrx_word' id='word_1_220' title='bbox 1206 2554 1412 2616; x_wconf 88' lang='lat' dir='ltr'><strong>favore,</strong></span> <span class='ocrx_word' id='word_1_221' title='bbox 1444 2555 1742 2618; x_wconf 89' lang='lat' dir='ltr'><strong>credasque</strong></span> <span class='ocrx_word' id='word_1_222' title='bbox 1768 2552 1992 2603; x_wconf 88' lang='lat' dir='ltr'><strong>indubie</strong></span> <span class='ocrx_word' id='word_1_223' title='bbox 2019 2570 2099 2613; x_wconf 87' lang='lat' dir='ltr'><strong>ea,</strong></span> <span class='ocrx_word' id='word_1_224' title='bbox 2132 2569 2234 2616; x_wconf 91' lang='lat' dir='ltr'><strong>que</strong></span> <span class='ocrx_word' id='word_1_225' title='bbox 2261 2550 2326 2599; x_wconf 88' lang='lat' dir='ltr'><strong>de</strong></span> <span class='ocrx_word' id='word_1_226' title='bbox 2353 2565 2462 2614; x_wconf 91' lang='lat' dir='ltr'><strong>pre-</strong></span> 
     </span>
     <span class='ocr_line' id='line_1_27' title="bbox 464 2630 2462 2704; baseline -0.002 -19"><span class='ocrx_word' id='word_1_227' title='bbox 464 2635 622 2686; x_wconf 90' lang='lat' dir='ltr'><strong>dictis</strong></span> <span class='ocrx_word' id='word_1_228' title='bbox 656 2637 729 2702; x_wconf 85' lang='lat' dir='ltr'><strong>(b)</strong></span> <span class='ocrx_word' id='word_1_229' title='bbox 760 2655 828 2686; x_wconf 92' lang='lat' dir='ltr'><strong>ex</strong></span> <span class='ocrx_word' id='word_1_230' title='bbox 858 2649 1013 2704; x_wconf 86' lang='lat' dir='ltr'><strong>parte</strong></span> <span class='ocrx_word' id='word_1_231' title='bbox 1041 2650 1230 2689; x_wconf 91' lang='lat' dir='ltr'><strong>nostra</strong></span> <span class='ocrx_word' id='word_1_232' title='bbox 1261 2639 1364 2689; x_wconf 88' lang='lat' dir='ltr'><strong>tibi</strong></span> <span class='ocrx_word' id='word_1_233' title='bbox 1394 2638 1614 2689; x_wconf 89' lang='lat' dir='ltr'><strong>duxerit</strong></span> <span class='ocrx_word' id='word_1_234' title='bbox 1642 2637 1943 2688; x_wconf 87' lang='lat' dir='ltr'><strong>referenda.</strong></span> <span class='ocrx_word' id='word_1_235' title='bbox 1992 2665 2059 2670; x_wconf 94' lang='lat'>—</span> <span class='ocrx_word' id='word_1_236' title='bbox 2105 2636 2310 2686; x_wconf 90' lang='lat' dir='ltr'><strong>Datum</strong></span> <span class='ocrx_word' id='word_1_237' title='bbox 2341 2630 2462 2683; x_wconf 91' lang='lat' dir='ltr'><strong>Avi-</strong></span> 
     </span>
     <span class='ocr_line' id='line_1_28' title="bbox 463 2720 1434 2790; baseline 0.003 -20"><span class='ocrx_word' id='word_1_238' title='bbox 463 2720 629 2783; x_wconf 91' lang='lat' dir='ltr'><strong>nioni,</strong></span> <span class='ocrx_word' id='word_1_239' title='bbox 666 2722 822 2772; x_wconf 92' lang='lat' dir='ltr'><strong>nonis</strong></span> <span class='ocrx_word' id='word_1_240' title='bbox 858 2722 1004 2785; x_wconf 88' lang='lat' dir='ltr'><strong>maii,</strong></span> <span class='ocrx_word' id='word_1_241' title='bbox 1042 2742 1185 2774; x_wconf 84' lang='lat' dir='ltr'><strong>anno</strong></span> <span class='ocrx_word' id='word_1_242' title='bbox 1223 2723 1434 2790; x_wconf 91' lang='lat' dir='ltr'><strong>quinto.</strong></span> 
     </span>
    </p>

    <p class='ocr_par' dir='ltr' id='par_1_3' title="bbox 465 2801 2464 3296">
     <span class='ocr_line' id='line_1_29' title="bbox 539 2801 2460 2866; baseline -0.002 -12"><span class='ocrx_word' id='word_1_243' title='bbox 539 2805 599 2855; x_wconf 90' lang='lat' dir='ltr'><strong>In</strong></span> <span class='ocrx_word' id='word_1_244' title='bbox 641 2824 685 2856; x_wconf 91' lang='lat' dir='ltr'><strong>e.</strong></span> <span class='ocrx_word' id='word_1_245' title='bbox 733 2808 959 2857; x_wconf 91' lang='lat' dir='ltr'><strong>modum</strong></span> <span class='ocrx_word' id='word_1_246' title='bbox 1003 2808 1277 2858; x_wconf 87' lang='lat' dir='ltr'><strong>nobilibus</strong></span> <span class='ocrx_word' id='word_1_247' title='bbox 1321 2808 1450 2858; x_wconf 89' lang='lat' dir='ltr'><strong>viris</strong></span> <span class='ocrx_word' id='word_1_248' title='bbox 1496 2807 1739 2858; x_wconf 89' lang='lat' dir='ltr'><strong>Johanni</strong></span> <span class='ocrx_word' id='word_1_249' title='bbox 1781 2807 1846 2857; x_wconf 93' lang='lat' dir='ltr'><strong>de</strong></span> <span class='ocrx_word' id='word_1_250' title='bbox 1892 2805 2103 2856; x_wconf 88' lang='lat' dir='ltr'><strong>Viriaco</strong></span> <span class='ocrx_word' id='word_1_251' title='bbox 2123 2805 2160 2866; x_wconf 86' lang='lat'><strong>⁵,</strong></span> <span class='ocrx_word' id='word_1_252' title='bbox 2190 2801 2460 2853; x_wconf 88' lang='lat' dir='ltr'><strong>Bernardo</strong></span> 
     </span>
     <span class='ocr_line' id='line_1_30' title="bbox 465 2887 2464 2958; baseline -0.001 -20"><span class='ocrx_word' id='word_1_253' title='bbox 465 2889 531 2939; x_wconf 91' lang='lat' dir='ltr'><strong>de</strong></span> <span class='ocrx_word' id='word_1_254' title='bbox 567 2890 940 2955; x_wconf 88' lang='lat' dir='ltr'><strong>Montelorico,</strong></span> <span class='ocrx_word' id='word_1_255' title='bbox 975 2893 1316 2944; x_wconf 88' lang='lat' dir='ltr'><strong>thesaurario</strong></span> <span class='ocrx_word' id='word_1_256' title='bbox 1355 2892 1740 2958; x_wconf 90' lang='lat' dir='ltr'><strong>Delphinatus,</strong></span> <span class='ocrx_word' id='word_1_257' title='bbox 1779 2892 2060 2952; x_wconf 88' lang='lat' dir='ltr'><strong>Eleonore,</strong></span> <span class='ocrx_word' id='word_1_258' title='bbox 2110 2888 2327 2939; x_wconf 89' lang='lat' dir='ltr'><strong>domine</strong></span> <span class='ocrx_word' id='word_1_259' title='bbox 2373 2887 2464 2937; x_wconf 88' lang='lat' dir='ltr'><strong>Ca·</strong></span> 
     </span>
     <span class='ocr_line' id='line_1_31' title="bbox 466 2970 2461 3044; baseline -0.003 -21"><span class='ocrx_word' id='word_1_260' title='bbox 466 2974 565 3024; x_wconf 89' lang='lat' dir='ltr'><strong>stri</strong></span> <span class='ocrx_word' id='word_1_261' title='bbox 598 2975 796 3027; x_wconf 88' lang='lat' dir='ltr'><strong>Villani</strong></span> <span class='ocrx_word' id='word_1_262' title='bbox 820 2976 857 3039; x_wconf 84' lang='lat'><strong>⁶,</strong></span> <span class='ocrx_word' id='word_1_263' title='bbox 889 2978 1076 3028; x_wconf 89' lang='lat' dir='ltr'><strong>relicte</strong></span> <span class='ocrx_word' id='word_1_264' title='bbox 1127 2979 1409 3044; x_wconf 91' lang='lat' dir='ltr'><strong>quondam</strong></span> <span class='ocrx_word' id='word_1_265' title='bbox 1461 2977 1728 3028; x_wconf 90' lang='lat' dir='ltr'><strong>Johannis</strong></span> <span class='ocrx_word' id='word_1_266' title='bbox 1778 2974 2051 3036; x_wconf 88' lang='lat' dir='ltr'><strong>Bastardi,</strong></span> <span class='ocrx_word' id='word_1_267' title='bbox 2103 2972 2349 3024; x_wconf 86' lang='lat' dir='ltr'><strong>Artaudo</strong></span> <span class='ocrx_word' id='word_1_268' title='bbox 2399 2970 2461 3020; x_wconf 93' lang='lat' dir='ltr'><strong>de</strong></span> 
     </span>
     <span class='ocr_line' id='line_1_32' title="bbox 467 3056 2460 3131; baseline -0.002 -24"><span class='ocrx_word' id='word_1_269' title='bbox 467 3058 675 3110; x_wconf 90' lang='lat' dir='ltr'><strong>Archiis</strong></span> <span class='ocrx_word' id='word_1_270' title='bbox 705 3060 964 3131; x_wconf 33' lang='lat' dir='ltr'><strong>⁷,ssballivo</strong></span> <span class='ocrx_word' id='word_1_271' title='bbox 1000 3063 1347 3112; x_wconf 90' lang='lat' dir='ltr'><strong>Ebredunen.</strong></span> <span class='ocrx_word' id='word_1_272' title='bbox 1395 3074 1450 3112; x_wconf 89' lang='lat' dir='ltr'><strong>et</strong></span> <span class='ocrx_word' id='word_1_273' title='bbox 1495 3060 1878 3121; x_wconf 89' lang='lat' dir='ltr'><strong>Briansonesii,</strong></span> <span class='ocrx_word' id='word_1_274' title='bbox 1926 3059 2147 3109; x_wconf 90' lang='lat' dir='ltr'><strong>domino</strong></span> <span class='ocrx_word' id='word_1_275' title='bbox 2195 3058 2260 3107; x_wconf 91' lang='lat' dir='ltr'><strong>de</strong></span> <span class='ocrx_word' id='word_1_276' title='bbox 2307 3056 2460 3106; x_wconf 91' lang='lat' dir='ltr'><strong>Male-</strong></span> 
     </span>
     <span class='ocr_line' id='line_1_33' title="bbox 467 3138 2463 3209; baseline -0.002 -17"><span class='ocrx_word' id='word_1_277' title='bbox 467 3143 597 3193; x_wconf 92' lang='lat' dir='ltr'><strong>beco</strong></span> <span class='ocrx_word' id='word_1_278' title='bbox 622 3144 659 3206; x_wconf 77' lang='lat'><strong>⁸,</strong></span> <span class='ocrx_word' id='word_1_279' title='bbox 699 3145 979 3209; x_wconf 84' lang='lat' dir='ltr'><strong>Gaufrido,</strong></span> <span class='ocrx_word' id='word_1_280' title='bbox 1017 3147 1237 3197; x_wconf 90' lang='lat' dir='ltr'><strong>domino</strong></span> <span class='ocrx_word' id='word_1_281' title='bbox 1274 3147 1339 3196; x_wconf 93' lang='lat' dir='ltr'><strong>de</strong></span> <span class='ocrx_word' id='word_1_282' title='bbox 1375 3147 1720 3196; x_wconf 88' lang='lat' dir='ltr'><strong>Claromonte</strong></span> <span class='ocrx_word' id='word_1_283' title='bbox 1745 3144 1783 3207; x_wconf 83' lang='lat'><strong>9,</strong></span> <span class='ocrx_word' id='word_1_284' title='bbox 1834 3143 2126 3194; x_wconf 89' lang='lat' dir='ltr'><strong>Ademario</strong></span> <span class='ocrx_word' id='word_1_285' title='bbox 2176 3143 2240 3191; x_wconf 92' lang='lat' dir='ltr'><strong>de</strong></span> <span class='ocrx_word' id='word_1_286' title='bbox 2293 3138 2463 3190; x_wconf 86' lang='lat' dir='ltr'><strong>Rossi·</strong></span> 
     </span>
     <span class='ocr_line' id='line_1_34' title="bbox 466 3226 2165 3296; baseline 0 -19"><span class='ocrx_word' id='word_1_287' title='bbox 466 3226 607 3278; x_wconf 91' lang='lat' dir='ltr'><strong>lione</strong></span> <span class='ocrx_word' id='word_1_288' title='bbox 631 3228 695 3292; x_wconf 92' lang='lat'><strong>¹⁰,</strong></span> <span class='ocrx_word' id='word_1_289' title='bbox 726 3230 947 3280; x_wconf 92' lang='lat' dir='ltr'><strong>domino</strong></span> <span class='ocrx_word' id='word_1_290' title='bbox 977 3231 1044 3281; x_wconf 91' lang='lat' dir='ltr'><strong>de</strong></span> <span class='ocrx_word' id='word_1_291' title='bbox 1072 3230 1215 3296; x_wconf 86' lang='lat' dir='ltr'><strong>Anjo</strong></span> <span class='ocrx_word' id='word_1_292' title='bbox 1239 3230 1302 3293; x_wconf 88' lang='lat'><strong>¹¹,</strong></span> <span class='ocrx_word' id='word_1_293' title='bbox 1333 3230 1599 3281; x_wconf 86' lang='lat' dir='ltr'><strong>militibus</strong></span> <span class='ocrx_word' id='word_1_294' title='bbox 1631 3229 1892 3279; x_wconf 91' lang='lat' dir='ltr'><strong>Viennen.</strong></span> <span class='ocrx_word' id='word_1_295' title='bbox 1924 3227 2165 3277; x_wconf 89' lang='lat' dir='ltr'><strong>diocesis.</strong></span> 
     </span>
    </p>
   </div>
   <div class='ocr_carea' id='block_1_3' title="bbox 526 3399 1151 3528">
    <p class='ocr_par' dir='ltr' id='par_1_4' title="bbox 526 3399 1151 3528">
     <span class='ocr_line' id='line_1_35' title="bbox 526 3399 1151 3456; baseline 0.005 -15"><span class='ocrx_word' id='word_1_296' title='bbox 526 3399 580 3456; x_wconf 88' lang='lat' dir='ltr'><strong>(a)</strong></span> <span class='ocrx_word' id='word_1_297' title='bbox 615 3401 841 3456; x_wconf 83' lang='lat' dir='ltr'><strong>Wadding</strong></span> <span class='ocrx_word' id='word_1_298' title='bbox 869 3417 878 3443; x_wconf 79' lang='lat' dir='ltr'><strong>t</strong></span> <span class='ocrx_word' id='word_1_299' title='bbox 909 3415 992 3444; x_wconf 80' lang='lat' dir='ltr'><strong>sua</strong></span> <span class='ocrx_word' id='word_1_300' title='bbox 1017 3402 1151 3444; x_wconf 77' lang='lat' dir='ltr'><strong>domo,</strong></span> 
     </span>
     <span class='ocr_line' id='line_1_36' title="bbox 527 3473 1112 3528; baseline -0.002 -13"><span class='ocrx_word' id='word_1_301' title='bbox 527 3473 583 3527; x_wconf 85' lang='lat' dir='ltr'><strong>(b)</strong></span> <span class='ocrx_word' id='word_1_302' title='bbox 618 3474 843 3527; x_wconf 85' lang='lat' dir='ltr'><strong>Wadding</strong></span> <span class='ocrx_word' id='word_1_303' title='bbox 875 3490 884 3515; x_wconf 71' lang='grc' dir='ltr'>ε</span> <span class='ocrx_word' id='word_1_304' title='bbox 919 3474 1112 3528; x_wconf 79' lang='lat' dir='ltr'><strong>prefatis.</strong></span> 
     </span>
    </p>
   </div>
   <div class='ocr_carea' id='block_1_4' title="bbox 466 3596 2468 3861">
    <p class='ocr_par' dir='ltr' id='par_1_5' title="bbox 522 3596 1104 3649">
     <span class='ocr_line' id='line_1_37' title="bbox 522 3596 1104 3649; baseline -0.005 -11"><span class='ocrx_word' id='word_1_305' title='bbox 522 3597 563 3638; x_wconf 86' lang='lat'><strong>1.</strong></span> <span class='ocrx_word' id='word_1_306' title='bbox 596 3596 702 3636; x_wconf 83' lang='lat' dir='ltr'><strong>Voir</strong></span> <span class='ocrx_word' id='word_1_307' title='bbox 731 3612 773 3636; x_wconf 84' lang='lat'><strong>11.</strong></span> <span class='ocrx_word' id='word_1_308' title='bbox 804 3597 902 3649; x_wconf 84' lang='lat'><strong>286,</strong></span> <span class='ocrx_word' id='word_1_309' title='bbox 931 3604 1037 3637; x_wconf 88' lang='lat' dir='ltr'><strong>note</strong></span> <span class='ocrx_word' id='word_1_310' title='bbox 1065 3597 1104 3636; x_wconf 84' lang='lat'><strong>1.</strong></span> 
     </span>
    </p>

    <p class='ocr_par' dir='ltr' id='par_1_6' title="bbox 466 3658 2468 3861">
     <span class='ocr_line' id='line_1_38' title="bbox 522 3658 2468 3720; baseline -0.006 -11"><span class='ocrx_word' id='word_1_311' title='bbox 522 3669 563 3709; x_wconf 91' lang='grc'><strong>2.</strong></span> <span class='ocrx_word' id='word_1_312' title='bbox 598 3668 838 3720; x_wconf 80' lang='lat' dir='ltr'><strong>Raymond</strong></span> <span class='ocrx_word' id='word_1_313' title='bbox 862 3667 941 3718; x_wconf 90' lang='lat' dir='ltr'><strong>VI,</strong></span> <span class='ocrx_word' id='word_1_314' title='bbox 963 3666 1089 3708; x_wconf 83' lang='lat' dir='ltr'><strong>sinon</strong></span> <span class='ocrx_word' id='word_1_315' title='bbox 1114 3666 1359 3719; x_wconf 79' lang='lat' dir='ltr'><strong>heretique,</strong></span> <span class='ocrx_word' id='word_1_316' title='bbox 1382 3668 1443 3707; x_wconf 90' lang='lat' dir='ltr'><strong>du</strong></span> <span class='ocrx_word' id='word_1_317' title='bbox 1466 3666 1609 3706; x_wconf 85' lang='lat' dir='ltr'><strong>moins</strong></span> <span class='ocrx_word' id='word_1_318' title='bbox 1633 3672 1889 3718; x_wconf 86' lang='lat' dir='ltr'><strong>protecteur</strong></span> <span class='ocrx_word' id='word_1_319' title='bbox 1911 3665 1971 3704; x_wconf 81' lang='lat' dir='ltr'><strong>de</strong></span> <span class='ocrx_word' id='word_1_320' title='bbox 1988 3663 2201 3712; x_wconf 80' lang='lat' dir='ltr'><strong>l’hcre&#39;sie,</strong></span> <span class='ocrx_word' id='word_1_321' title='bbox 2225 3674 2282 3701; x_wconf 91' lang='lat' dir='ltr'><strong>ou</strong></span> <span class='ocrx_word' id='word_1_322' title='bbox 2303 3661 2342 3701; x_wconf 87' lang='lat' dir='ltr'><strong>la</strong></span> <span class='ocrx_word' id='word_1_323' title='bbox 2368 3658 2468 3700; x_wconf 68' lang='lat' dir='ltr'><strong>tole-</strong></span> 
     </span>
     <span class='ocr_line' id='line_1_39' title="bbox 466 3726 2464 3789; baseline -0.005 -11"><span class='ocrx_word' id='word_1_324' title='bbox 466 3744 572 3778; x_wconf 79' lang='lat' dir='ltr'><strong>rant</strong></span> <span class='ocrx_word' id='word_1_325' title='bbox 590 3737 701 3778; x_wconf 90' lang='lat' dir='ltr'><strong>dans</strong></span> <span class='ocrx_word' id='word_1_326' title='bbox 721 3751 788 3778; x_wconf 91' lang='lat' dir='ltr'><strong>ses</strong></span> <span class='ocrx_word' id='word_1_327' title='bbox 813 3726 959 3788; x_wconf 74' lang='lat' dir='ltr'><strong>Etats‚</strong></span> <span class='ocrx_word' id='word_1_328' title='bbox 980 3737 1051 3777; x_wconf 78' lang='lat' dir='ltr'><strong>fut</strong></span> <span class='ocrx_word' id='word_1_329' title='bbox 1070 3735 1380 3777; x_wconf 71' lang='lat' dir='ltr'><strong>excommunic</strong></span> <span class='ocrx_word' id='word_1_330' title='bbox 1401 3737 1425 3776; x_wconf 74' lang='lat' dir='ltr'><strong>a</strong></span> <span class='ocrx_word' id='word_1_331' title='bbox 1447 3735 1664 3789; x_wconf 87' lang='lat' dir='ltr'><strong>plusieurs</strong></span> <span class='ocrx_word' id='word_1_332' title='bbox 1685 3734 1870 3788; x_wconf 84' lang='lat' dir='ltr'><strong>reprises</strong></span> <span class='ocrx_word' id='word_1_333' title='bbox 1911 3742 1956 3774; x_wconf 82' lang='lat' dir='ltr'><strong>et</strong></span> <span class='ocrx_word' id='word_1_334' title='bbox 1976 3740 2158 3773; x_wconf 80' lang='lat' dir='ltr'><strong>mourut</strong></span> <span class='ocrx_word' id='word_1_335' title='bbox 2191 3746 2289 3772; x_wconf 61' lang='lat' dir='ltr'><strong>aion</strong></span> <span class='ocrx_word' id='word_1_336' title='bbox 2322 3730 2464 3770; x_wconf 75' lang='lat' dir='ltr'><strong>recon-</strong></span> 
     </span>
     <span class='ocr_line' id='line_1_40' title="bbox 469 3795 2463 3861; baseline -0.005 -13"><span class='ocrx_word' id='word_1_337' title='bbox 469 3806 581 3848; x_wconf 77' lang='lat' dir='ltr'><strong>cilie.</strong></span> <span class='ocrx_word' id='word_1_338' title='bbox 599 3806 688 3847; x_wconf 88' lang='lat' dir='ltr'><strong>Son</strong></span> <span class='ocrx_word' id='word_1_339' title='bbox 711 3821 838 3861; x_wconf 84' lang='lat' dir='ltr'><strong>corps</strong></span> <span class='ocrx_word' id='word_1_340' title='bbox 862 3808 1072 3848; x_wconf 86' lang='lat' dir='ltr'><strong>demeura</strong></span> <span class='ocrx_word' id='word_1_341' title='bbox 1096 3806 1222 3861; x_wconf 75' lang='lat' dir='ltr'><strong>prive</strong></span> <span class='ocrx_word' id='word_1_342' title='bbox 1245 3807 1300 3848; x_wconf 88' lang='lat' dir='ltr'><strong>de</strong></span> <span class='ocrx_word' id='word_1_343' title='bbox 1323 3806 1567 3860; x_wconf 74' lang='lat' dir='ltr'><strong>sepulture,</strong></span> <span class='ocrx_word' id='word_1_344' title='bbox 1591 3805 1758 3859; x_wconf 77' lang='lat' dir='ltr'><strong>malgre</strong></span> <span class='ocrx_word' id='word_1_345' title='bbox 1782 3805 1842 3846; x_wconf 88' lang='lat' dir='ltr'><strong>les</strong></span> <span class='ocrx_word' id='word_1_346' title='bbox 1867 3805 2019 3845; x_wconf 72' lang='lat' dir='ltr'><strong>efforts</strong></span> <span class='ocrx_word' id='word_1_347' title='bbox 2043 3804 2096 3845; x_wconf 88' lang='lat' dir='ltr'><strong>de</strong></span> <span class='ocrx_word' id='word_1_348' title='bbox 2123 3800 2359 3856; x_wconf 84' lang='lat' dir='ltr'><strong>Raymond</strong></span> <span class='ocrx_word' id='word_1_349' title='bbox 2381 3795 2463 3839; x_wconf 90' lang='lat' dir='ltr'><strong>V11</strong></span> 
     </span>
    </p>
   </div>
  </div>
 </body>
</html>
