2540 4354
962 389 1109 424 siun
1149 391 1274 426 χχιι
2023 374 2118 430 141

110 530 113 531 ⁷
131 527 153 554 s.
207 503 512 556 Venerabili
579 504 736 556 fratri
792 504 1085 556 Guillermo
1128 505 1166 568 ¹,
1223 506 1475 573 episcopo
1546 507 1816 568 Sabinen„
1860 507 2110 559 salutem.

99 578 103 580 ἡ
135 607 207 627 -·
231 586 573 652 Significavit
599 587 755 638 nobis
783 588 1014 638 dilectus
1046 588 1187 639 filius
1218 589 1542 641 Guillermus
1574 590 1736 652 Petri,
1767 589 1968 641 ordinis
1998 608 2112 657 pre-

19 695 26 706 *
104 719 107 721 .
135 670 457 731 dicatorum,
478 670 856 722 Carcassonen.
878 671 1122 732 diocesis,
1145 674 1289 737 quod
1310 683 1464 738 pater
1480 691 1624 734 suuS,
1647 673 1739 739 qui
1756 673 1897 724 sicut
1928 673 2118 724 asserit

100 743 244 806 “fere
265 761 397 804 sunt
423 753 785 820 quadraginta
812 754 942 805 anni
965 754 1135 820 elapsi
1160 755 1225 805 de
1252 755 1354 806 hac
1378 756 1495 806 luce
1523 756 1795 821 migravit,
1824 774 1918 822 per
1941 755 2116 821 inqui·

131 835 323 889 nitores
363 835 593 887 heretice
633 836 923 903 pravitatis
962 836 1018 887 in
1047 837 1150 887 illis
1182 838 1429 904 partibus
1461 839 1788 889 auctoritate
1821 838 2118 904 apostolica

20 983 22 992 Ι
120 918 432 987 ,deputatos
456 918 580 982 fuit,
605 936 713 970 non
737 929 821 971 est
844 919 956 982 diu,
982 920 1047 970 de
1072 920 1246 971 heresi
1270 921 1728 988 condempnatus;
1757 939 1921 987 quare
1937 921 2116 972 dictus

106 994 462 1057 QGuillermus
492 1001 638 1054 Petri
664 1001 821 1053 nobis
863 1002 1141 1053 humiliter
1181 1003 1514 1070 supplicavit
1556 1015 1618 1054 ut
1650 1023 1773 1054 cum
1817 1004 1935 1070 ipso
1987 1021 2109 1070 pro·

18 819 25 845 Ι

18 930 24 980 5

18 1003 24 1087 ἓ

18 1089 29 1140 ἶ

18 1142 30 1263 {f
158 1184 292 1234 uper
308 1167 579 1234 premissis
595 1168 767 1220 statui
784 1181 882 1219 suo
900 1169 965 1219 de
985 1169 1322 1234 benignitate
1339 1168 1490 1220 Sedis
1509 1170 1803 1236 apostolice
1823 1169 2114 1220 misericor-

19 1265 30 1319 5
99 1249 273 1322 {diter
288 1251 653 1317 dignaremur.
677 1251 786 1302 Nos
805 1252 1059 1318 itaque...
1081 1251 1415 1304 fraternitati
1436 1263 1595 1303 tue...
1619 1252 1967 1319 dispensandi
1988 1270 2110 1302 cum

24 1363 25 1388 ς
99 1323 281 1402 ..dieto
324 1333 619 1385 Guillermo
661 1335 992 1386 auctoritate
1037 1346 1222 1387 nostra
1268 1337 1413 1402 quod
1459 1335 1694 1386 officium
1727 1335 2110 1402 predicationis

22 1420 31 1468 ἶ.
99 1432 377 1468 exercere
408 1435 473 1469 ac
505 1418 865 1469 confessiones
898 1419 1084 1469 audire
1118 1419 1261 1469 licite
1295 1420 1435 1469 sicut
1468 1430 1523 1469 et
1556 1420 1719 1470 ceteri
1751 1419 1944 1470 fratres
1977 1418 2113 1468 eius-

24 1534 27 1537 »
103 1499 256 1558 „dem
278 1500 496 1563 ordinis,
521 1519 731 1553 necnon
752 1512 808 1552 et
831 1503 1028 1553 habere
1051 1502 1107 1553 in
1130 1502 1459 1554 tractatibus
1482 1513 1537 1553 et
1554 1502 1906 1553 electionibus
1924 1519 2113 1551 vocem

24 1624 26 1627 ψ
117 1581 191 1636 -in
218 1583 459 1651 capitulo
488 1602 564 1636 ac-
580 1585 748 1637 etiam
778 1585 952 1637 officia
984 1586 1117 1637 dicti
1147 1586 1347 1636 ordinis
1380 1583 1513 1637 citra
1546 1586 1848 1652 prioratum
1879 1601 2111 1635 conven-

34 1717 40 1720 .
111 1666 338 1719 -tualem
382 1667 659 1719 duntaxat
703 1668 947 1719 obtinere
992 1667 1192 1731 valeat,
1238 1669 1282 1719 si
1326 1669 1373 1719 ei
1417 1669 1548 1720 alias
1596 1667 1905 1719 huiusmodi
1936 1666 2107 1718 officia

100 1739 368 1817 1931111119
389 1750 874 1802 committantur...
900 1752 1115 1819 plenam
1137 1762 1193 1802 et
1212 1752 1438 1803 liberam
1458 1750 1503 1801 si
1526 1753 1625 1802 hoc
1643 1752 1895 1818 expedire
1914 1749 2110 1801 videris

107 1827 476 1885 ⁵eoneedimus
505 1834 839 1886 auctoritate
867 1835 1202 1901 presentium
1245 1835 1584 1886 facultatem.
1618 1863 1685 1871 —
1716 1835 1921 1886 Datum
1981 1831 2107 1883 Avi·

118 1913 296 1990 ζιιὶριιί,
323 1935 364 1967 u
392 1916 649 1968 kalendas
676 1918 911 1983 augusti,
938 1936 1081 1970 anno
1108 1918 1504 1970 terciodecimo.

119 2071 145 2094 '³
185 2080 226 2125 1.
257 2079 680 2126 Guillaume-Pierre
704 2083 903 2135 Goudin;
932 2083 1029 2127 voir
1052 2099 1094 2126 n.
1122 2084 1192 2137 72,
1218 2092 1323 2127 note
1348 2085 1387 2126 1.

47 2149 50 2153 ’
86 2148 92 2154 '
118 2202 124 2206 Δ
155 2152 224 2194 ,1.
255 2149 376 2206 voit,
395 2166 474 2196 sur
492 2160 611 2196 cette
631 2154 875 2207 exclusion,
895 2154 938 2197 la
960 2154 1079 2217 bulle
1101 2156 1171 2207 68,
1195 2164 1299 2196 note
1322 2156 1362 2207 2,
1385 2162 1430 2196 et
1456 2153 1785 2207 Introduction,
1808 2167 1848 2207 p.
1873 2166 2015 2193 txvu.

119 2285 163 2338 ..χ-

874 2382 1057 2391 -ι-
1064 2383 1361 2391 -..α-’.ὴ

927 2601 1003 2608 -
1037 2566 1214 2627 87-88
1250 2600 1327 2611 -

111 2771 138 2791 ,Ι
201 2721 273 2775 Le
295 2742 432 2792 pape
456 2725 686 2777 ordonne
709 2729 742 2777 ἁ
769 2726 940 2777 Henn'
965 2726 1026 2776 de
1052 2727 1306 2793 Chamay,
1327 2726 1641 2792 inquisiteur
1657 2725 1717 2775 de
1735 2726 2107 2784 Carcassonne,

10 2805 12 2814 ¹
56 2838 57 2843 ¹
110 2811 158 2871 ἱ
203 2808 238 2858 ὰ
268 2806 544 2874 Raymond
574 2809 738 2872 Ρεῑαε,
772 2828 868 2860 son
900 2810 1255 2860 commissaire
1286 2813 1319 2860 ὰ
1354 2809 1704 2875 Montpellier,
1740 2808 1799 2858 de
1831 2807 2109 2857 n'intenter

52 2898 66 2924 -’
166 2905 304 2941 iacun
331 2896 506 2958 proces
535 2891 782 2943 d‘he're'sie
812 2893 946 2943 dans
976 2903 1094 2943 cette
1125 2893 1242 2943 ville
1272 2911 1397 2943 sans
1428 2911 1492 2943 en
1522 2892 1706 2957 re'se'rer
1735 2894 1768 2940 ὰ
1797 2890 2016 2955 Γένέᾳιιε
2046 2889 2108 2939 de

62 3014 65 3015 γ
116 2971 145 3033 ,ἐ
169 3006 174 3013 s
198 2973 489 3062 agiaelonne
514 2994 582 3026 ou
607 2978 641 3026 ὰ
667 2994 765 3027 son
791 2976 998 3027 vicaire.
1029 3004 1099 3012 —
1125 2976 1393 3042 Avignon,
1424 2975 1490 3026 28
1517 2975 1737 3025 octobre
1769 2973 1918 3024 1329.

10 3114 14 3143 ι
62 3097 66 3100 ’
130 3103 149 3173 ἰ
406 3105 514 3161 11³3.
542 3106 656 3161 Vae„
682 3115 715 3150 t.
742 3121 849 3161 cxv,
874 3108 1058 3151 101.315
1084 3113 1150 3161 vo,
1176 3122 1218 3150 n.
1245 3108 1372 3160 1612,
1396 3108 1522 3149 1613.

124 3238 143 3286 Ι·
202 3220 432 3275 Hem-ico
465 3224 531 3276 de
565 3225 822 3277 Chamaio
859 3226 893 3288 ¹,
930 3227 1129 3277 ordinis
1166 3227 1396 3277 fratrum
1433 3225 1851 3291 predicatorum,
1886 3220 2108 3287 inquisi-

163 3304 242 3374 „¹¹²¹
264 3305 493 3358 heretice
518 3309 809 3375 pravitatis
834 3310 889 3360 in
915 3310 1162 3376 partibus
1189 3310 1567 3360 Carcassonen.
1611 3305 1939 3356 auctoritate
1978 3322 2106 3370 apo-

10 3383 15 3404 '
61 3391 65 3393 ’
123 3424 130 3428 s
135 3379 322 3440 t'olica
348 3389 632 3457 deputato.
661 3419 730 3428 —
756 3392 839 3442 Ex
865 3392 1039 3443 causis
1065 3392 1481 3443 rationabilibus
1510 3407 1612 3456 que
1632 3389 1699 3439 ad
1720 3389 1819 3437 hoc
1838 3405 1932 3436 nos
1951 3387 2106 3435 indu-

10 3510 16 3525 ,
66 3469 72 3472 ’
119 3492 128 3506 ⁴
145 3478 261 3520 11111
285 3471 535 3524 volumus
563 3483 764 3541 tueque
793 3474 1102 3525 discretioni
1124 3475 1446 3526 mandamus
1465 3472 1723 3539 quatinus
1742 3468 2107 3534 inquisitionis

75 3527 160 3674 ²=J
149 3546 232 3603 δί
272 3555 618 3607 commissum
662 3557 916 3617 officium,
965 3575 1088 3608 cum
1135 3558 1315 3623 ipsum
1358 3557 1413 3607 in
1458 3556 1589 3606 villa
1615 3548 2108 3617 Montispessulani,

142 3634 463 3714 §.agelonen
498 3639 741 3700 diocesis,
779 3651 832 3691 te
865 3642 1151 3705 contigerit
1186 3658 1277 3706 per
1310 3651 1362 3689 te
1383 3639 1649 3689 velalium
1668 3652 1927 3694 exercere,
1950 3651 2108 3682 vene·

191 3715 351 3768 bilem
374 3719 595 3772 fratrem
614 3733 860 3772 nostrum
883 3722 918 3772 ².
928 3723 1274 3788 .episcopum
1298 3722 1630 3786 Magalonen.
1653 3717 1752 3768 loci
1773 3715 2104 3766 ordinarium

126 1093 319 1153 ‹pterea
342 1102 373 1136 a
395 1082 670 1136 beneficiis
687 1094 744 1136 et
765 1083 951 1136 officiis
986 1085 1214 1152 publicis
1249 1084 1325 1136 sic
1361 1087 1609 1137 exclusus
1641 1086 1662 1118 ²
1698 1087 1980 1154 providere
2017 1086 2119 1137 sibi
2197 1126 2216 1141 .
