2540 4354
403 347 508 402 260
795 365 1081 400 nuruum
1124 365 1199 398 nr:
1242 345 1657 406 L’1Nouxs1T10N
1701 358 2017 402 FRANQAISE

406 499 658 549 processu
695 491 753 532 et
788 480 1062 533 sententia
1100 478 1402 540 informari,
1441 476 1756 527 discretioni
1773 487 1954 526 vestre
1992 493 2086 541 per
2119 476 2418 541 apostolica

405 566 607 632 scripta
670 565 917 616 districte
978 563 1327 630 precipiendo
1391 563 1719 612 mandamus
1783 560 2044 627 quatinus
2107 577 2419 625 processum

408 649 722 700 huiusmodi
761 667 923 715 super
963 648 1238 714 premissis
1278 647 1534 698 habitum
1576 645 1731 695 nobis
1773 645 1875 694 sub
1915 644 2110 694 vestris
2153 644 2422 693 inclusum

409 734 593 799 sigillis
645 733 878 784 fideliter
928 732 1126 782 curetis
1178 732 1505 798 quantocius
1557 729 1848 780 destinare.
1903 729 2109 779 Datum
2151 727 2427 778 Avinioni›

403 838 440 868 x
478 818 737 869 kalendas
777 817 979 883 aprilis,
1020 835 1164 868 anno
1204 816 1397 882 quinto
1436 818 1472 867 ⁴².

483 1011 524 1051 1.
555 1010 740 1063 Agoult,
775 1009 1066 1062 aujourd’hui
1103 1008 1241 1050 Goult
1280 1007 1552 1061 (Vaucluse),
1589 1014 1709 1049 cant.
1746 1007 1802 1048 de
1838 1005 2024 1058 Gordos,
2060 1005 2241 1046 arrond.
2278 1004 2434 1059 d’Apt.

424 1082 552 1123 Cette
572 1080 750 1122 localite
773 1087 842 1121 est
861 1080 902 1120 le
922 1080 1115 1121 berceau
1137 1080 1193 1120 de
1213 1079 1256 1120 la
1278 1078 1446 1120 famille
1469 1078 1701 1131 d'Agoult,
1724 1078 1839 1119 dont
1860 1091 1921 1117 un
1943 1076 2020 1116 des
2043 1075 2264 1116 membres
2287 1076 2434 1128 posse-

413 1152 510 1193 dait
532 1152 571 1192 le
596 1152 788 1192 chateau
812 1152 866 1192 de
890 1150 1064 1192 Brissac
1088 1151 1200 1191 dans
1223 1149 1264 1190 le
1288 1150 1461 1191 diocese
1486 1150 1540 1190 de
1564 1149 1874 1202 Maguelonne.

489 1223 528 1262 2.
561 1222 736 1263 Brissac
771 1220 1011 1275 (Herault),
1048 1227 1166 1262 cant.
1200 1221 1256 1262 de
1287 1220 1479 1273 Ganges,
1511 1220 1689 1261 arrond.
1723 1212 2106 1272 de'Montpellier.
2129 1215 2293 1258 C'etait
2322 1215 2437 1269 jadis

422 1306 512 1333 une
537 1292 752 1333 baronnie
777 1292 1063 1346 dependante
1089 1291 1151 1332 du
1176 1292 1323 1332 comte
1349 1292 1403 1332 de
1430 1290 1635 1343 Melgueil
1661 1297 1707 1331 et
1731 1290 1786 1330 de
1811 1288 2138 1339 Montferrand,
2165 1286 2436 1327 c’est-a-dire

428 1363 483 1403 de
511 1363 713 1416 l'eveque
741 1363 795 1403 de
822 1361 1119 1416 Montpeilier.
1151 1361 1202 1402 E.
1231 1362 1443 1414 Thomas,
1467 1351 1771 1401 Dictionnaire
1798 1365 1938 1413 topog.
1967 1358 2026 1399 du
2053 1358 2215 1413 de'part.
2244 1355 2294 1397 de
2319 1356 2438 1400 l’He-

413 1434 543 1486 raulc,
573 1432 712 1486 Paris,
738 1433 867 1486 1865,
894 1447 938 1486 p.
967 1434 1036 1473 26.

474 1504 513 1544 3.
546 1504 727 1557 Aymon
754 1503 810 1544 de
838 1503 1082 1552 Caumont3
1113 1519 1156 1546 n.
1185 1505 1285 1558 162,
1313 1512 1419 1545 note
1446 1505 1487 1545 1.

477 1575 518 1615 4.
551 1573 636 1614 Sur
659 1575 702 1615 la
727 1575 873 1615 meme
898 1573 1068 1627 affaire,
1096 1574 1192 1615 voir
1216 1575 1258 1616 la
1284 1576 1403 1616 bulle
1429 1575 1638 1616 suivante
1664 1582 1711 1616 et
1734 1574 1773 1615 le
1800 1589 1842 1615 n.
1870 1575 1966 1616 177.

1288 1993 1604 2052 -173-

506 2158 694 2209 Βεηοῖι
743 2157 867 2208 XII
911 2158 1127 2207 reclama
1168 2161 1199 2206 ιὶ
1241 2156 1600 2223 l'inquisiteur
1640 2157 1700 2206 de
1754 2156 2116 2206 Carcassonne
2169 2173 2236 2204 ou
2288 2157 2320 2204 ὰ
2371 2173 2449 2205 ses

442 2243 758 2294 lieutenants
795 2243 865 2292 les
907 2254 1039 2292 acles
1077 2243 1163 2292 des
1201 2246 1377 2307 proces
1415 2240 1671 2307 entrepris
1708 2259 1807 2306 par
1844 2259 1943 2289 eux
1978 2243 2011 2289 ὰ
2048 2240 2100 2288 la
2135 2239 2270 2289 suite
2306 2239 2364 2290 de
2399 2239 2451 2289 la

441 2327 851 2378 condamnation
893 2327 979 2377 des
1020 2326 1146 2376 trois
1187 2325 1433 2376 sorcieres
1473 2326 1596 2375 dont
1638 2325 1677 2375 il
1717 2325 1855 2376 vient
1894 2325 2049 2375 d’e'tre
2089 2324 2340 2390 question.
2383 2323 2452 2373 Le

438 2431 577 2478 pape
618 2431 671 2461 se
713 2416 905 2462 reserwe
948 2412 1204 2462 l'escamen
1246 2412 1305 2461 de
1349 2411 1590 2477 Ζάᾔαίνε,
1634 2409 1821 2475 defend
1863 2428 1970 2459 aux
2013 2409 2356 2476 inquisiteurs
2396 2408 2454 2458 de

438 2497 550 2547 s'en
587 2515 804 2563 occuper
817 2497 1128 2561 davantage
1160 2507 1205 2546 et
1238 2496 1467 2546 ordonna
1500 2497 1552 2546 la
1587 2495 1715 2545 mise
1748 2514 1812 2545 en
1845 2495 2023 2545 liberte}
2055 2492 2454 2544 conditionnelle

441 2582 527 2631 des
568 2600 852 2648 personne-s
881 2580 1244 2632 incarcere'esd
1271 2593 1389 2632 cette
1407 2580 1663 2631 occasion.
1685 2614 1749 2619 -
1769 2580 2041 2644 Avignon,
2073 2579 2102 2629 5
2134 2578 2271 2629 avril
2303 2575 2450 2628 1339.

804 2718 910 2770 Reg.
937 2717 1092 2771 Aven„
1120 2725 1154 2759 t.
1183 2731 1283 2771 Lm,
1310 2717 1385 2760 fol.
1415 2717 1497 2758 143
1526 2720 1598 2766 v⁰;
1626 2716 1731 2769 Reg.
1764 2715 1879 2769 Vat.,
1906 2722 1940 2757 t.
1971 2729 2152 2766 cxxvn,
2178 2729 2223 2755 n.
2250 2714 2347 2756 307.

533 2839 744 2890 Dilecto
783 2838 892 2888 filio
913 2837 982 2890 ..¹
1016 2837 1329 2904 inquisitori
1364 2836 1598 2888 heretice
1617 2835 1911 2902 pravitatis
1942 2835 1998 2885 in
2026 2852 2191 2900 regno
2239 2833 2456 2885 Francie

451 2943 546 2991 per
589 2925 783 2974 Sedem
826 2923 1188 2989 apostolicam
1231 2923 1501 2989 deputato
1546 2921 1875 2972 Carcassone
1919 2919 2284 2970 communiter
2335 2917 2458 2969 resi·

453 3010 606 3059 denti
640 3009 726 3058 vel
757 3007 873 3058 eius
936 3006 1731 3070 locumtenentibus‚salutem,
1767 3015 1869 3055 etc.
1905 3034 1974 3040 —
2007 3005 2090 3055 Ad
2125 3002 2458 3055 audientiam

454 3093 799 3159 apostolatus
828 3092 1002 3142 nostri
1029 3091 1281 3158 pervenit
1323 3092 1469 3158 quod
1513 3110 1609 3158 pro
1637 3109 1698 3141 eo
1743 3090 1888 3155 quod
1930 3089 1986 3139 in
2028 3099 2204 3139 castro
2247 3088 2311 3138 de
2348 3084 2458 3136 Bri-

453 3178 629 3240 xiaco,
678 3177 1019 3242 Magalonen.
1069 3177 1315 3240 diocesis,
1362 3177 1431 3226 ad
1466 3174 2112 3240 Magalonen.ecclcsiam
2130 3183 2185 3222 et
2204 3173 2458 3223 dilectum

461 3262 633 3312 filium
689 3261 928 3312 nobilem
984 3261 1165 3312 virum
1225 3261 1622 3327 Raymundum
1680 3258 1846 3323 Petri,
1885 3258 2134 3320 militem,
2184 3243 2502 3308 dominum>

461 3345 716 3411 Agautici
751 3345 997 3396 eiusdem
1036 3345 1264 3396 diocesis
1304 3345 1670 3396 communiter
1700 3343 2030 3409 pertinente,
2071 3359 2165 3407 per
2197 3339 2458 3407 quosdam

465 3430 669 3480 iudices
723 3431 989 3480 seculares
1044 3429 1347 3480 communis
1401 3428 1546 3479 curie
1597 3427 1918 3478 eorumdem
1950 3436 2140 3477 contra
2189 3423 2460 3491 quondam

472 3514 789 3564 Michaelem
837 3515 1094 3565 Gauterie
1139 3525 1194 3564 et
1241 3513 1659 3564 Ermeniardam
1704 3512 1769 3562 de
1828 3511 2082 3562 Cornutis
2101 3529 2164 3561 ac
2203 3510 2463 3575 Agnetem

470 3598 737 3663 Fabrisse,
781 3600 1051 3661 mulieres,
1097 3609 1158 3648 ut
1201 3599 1480 3663 asseritur,
1525 3597 1809 3662 sortilegas
1853 3605 1909 3645 et
1953 3594 2248 3658 maleficas,
2293 3601 2463 3643 certus

471 3682 693 3733 habitus
758 3694 841 3733 est
894 3701 1175 3749 processus
1228 3693 1284 3732 et
1337 3680 1851 3748 condempnationis
1907 3680 2180 3730 sententia
2235 3673 2464 3744 promul-

478 3777 603 3829 gata
635 3777 689 3815 et
718 3767 1030 3817 executioni
1080 3767 1344 3818 mandata
1378 3768 1431 3817 in
1463 3766 1626 3816 officii
1657 3765 1757 3831 tui⁷
1794 3763 1869 3814 fili
1898 3764 2208 3830 inquisitor,
2240 3757 2465 3828 preiudi-
