2540 4354
483 354 582 406 170
868 370 1156 403 nummus
1199 370 1273 402 DE
1318 351 1733 411 L’INQUISITION
1777 368 2098 412 FRANqusE

482 488 771 540 consiliarii
805 487 913 550 sui3
970 486 1227 553 quodque
1261 485 1407 537 idem
1443 486 1701 552 magister
1753 485 2084 551 Reginaldus
2137 487 2480 542 commiserat
2536 510 2540 511 ⁷

482 572 759 638 sacrilegia
810 590 1061 638 expresse
1113 571 1343 621 heresim
1393 570 1661 637 sapientia
1696 589 1706 619 ε
1744 589 1811 620 ex
1859 581 2079 637 arupto,
2110 573 2255 624 nulla
2290 585 2474 627 contra

477 658 659 724 ipsum
691 675 853 723 super
883 655 1158 722 premissis
1189 655 1415 706 infamia
1449 656 1792 721 precedente,
1827 656 2085 721 nulloque
2116 656 2244 707 iuris
2297 658 2479 710 ordine

481 744 773 793 observato
815 739 1071 806 omnique
1113 739 1443 789 deffentione
1484 739 1726 804 legitima
1768 740 1870 790 sibi
1910 740 2127 806 penitus
2188 742 2478 808 denegata;

479 836 775 893 postquam
818 824 986 890 ipsius
1032 825 1173 874 bona
1219 824 1400 874 omnia
1445 823 1672 875 arestari
1715 824 1935 886 fecistis,
1995 824 2136 874 sicut
2193 836 2247 875 et
2303 827 2478 878 adhuc

478 911 566 962 illa
615 910 798 959 dilecti
846 909 999 959 filii..
1057 910 1294 959 decanus
1341 920 1395 958 et
1442 909 1746 974 capitulum
1793 909 2012 959 ecclesie
2058 909 2477 976 Autisiodoren.,

476 1006 530 1046 et
575 994 920 1056 camerarius,
966 1010 1026 1044 ac
1071 992 1243 1042 maior
1289 994 1353 1043 de
1413 994 1714 1056 Crebanno‚
1774 1004 1828 1043 et
1889 994 2206 1045 Guillelmus
2265 995 2476 1059 Budini,

478 1080 727 1145 armiger,
756 1079 999 1129 eiusdem
1027 1076 1460 1129 Autissiodoren.
1489 1078 1753 1144 dyocesis,
1782 1096 1869 1128 ac.
1893 1078 1939 1127 ,²
1981 1078 2287 1144 prepositus
2305 1081 2478 1146 regius

481 1165 735 1216 Parisien.
778 1173 1035 1229 pretextu
1075 1164 1443 1228 quorumdam
1481 1163 1751 1213 sententie
1789 1174 1843 1213 et
1882 1181 2233 1229 processuum
2274 1182 2365 1229 per
2384 1184 2476 1216 vos

478 1260 665 1299 contra
704 1249 914 1298 dictum
952 1247 1277 1313 magistrum
1316 1247 1681 1313 Reginaldum
1718 1248 2034 1298 habitorum
2071 1249 2136 1298 de
2173 1248 2319 1299 facto
2354 1250 2476 1300 reti-

478 1345 610 1384 nent
639 1344 900 1397 arestata,
933 1352 1057 1382 eum
1087 1351 1182 1398 per
1211 1351 1305 1382 sex
1334 1339 1543 1382 menses
1575 1351 1698 1382 cum
1728 1332 1953 1383 dimidio
1984 1333 2269 1399 captivum
2298 1333 2351 1384 in
2369 1351 2479 1384 eru-

476 1420 582 1469 deli
644 1437 854 1469 carcere
917 1418 1148 1468 terribili
1206 1417 1478 1480 tenuistis,
1540 1435 1712 1483 eoque
1770 1419 1840 1469 ab
1895 1418 2474 1470 excommunicationis

476 1502 749 1554 sententia
793 1521 959 1568 quam
1000 1521 1125 1552 eum
1166 1502 1531 1568 pretendebat
1570 1512 1858 1568 propterea
1900 1502 2185 1552 incurrisse
2228 1503 2474 1568 primitus

476 1589 747 1651 absoluto,
780 1587 1112 1638 sententiam
1144 1597 1332 1637 contra
1365 1605 1508 1650 eum,
1567 1597 1750 1652 spreto
1806 1587 2027 1638 consilio
2071 1588 2475 1654 quamplurium

478 1674 867 1740 magistrorum
908 1672 962 1723 in
981 1691 1132 1723 sacra
1157 1669 1354 1736 pagina
1377 1682 1431 1721 et
1451 1673 1680 1722 decretis
1704 1671 2092 1723 Universitatis
2119 1673 2372 1724 Parisien.
2411 1684 2465 1724 et

480 1759 711 1809 aliorum
753 1756 1210 1825 iurisperitorum,
1255 1757 1508 1822 quamvis
1533 1758 1599 1807 ad
1626 1758 1727 1806 hoc
1763 1757 1955 1807 fuisset
2008 1776 2101 1824 per
2150 1777 2246 1808 vos
2290 1776 2471 1808 eorum

477 1843 761 1894 consilium
783 1843 1129 1909 requisitum,
1153 1842 1542 1909 promulgastis
1561 1841 1806 1907 iniquam
1831 1842 2012 1908 ipsum
2032 1861 2126 1909 per
2145 1843 2348 1894 dictam
2368 1861 2472 1893 sen-

476 1928 709 1978 tentiam
730 1928 1058 1979 declarando
1078 1927 1374 1994 periurum,
1409 1945 1644 1993 eumque
1678 1946 1706 1977 a
1741 1937 1860 1976 toto
1893 1945 2056 1993 regno
2095 1928 2316 1978 Francie
2349 1929 2474 1978 ban-

475 2013 691 2074 niendO,
713 2013 924 2079 sibique
946 2013 1279 2079 imponendo
1305 2013 1451 2077 quod
1477 2012 1545 2062 ad
1569 2022 1823 2062 sanctum
1850 2012 2175 2063 Nicholaum
2201 2014 2264 2062 de
2301 2013 2436 2063 Baro
2454 2014 2475 2045 ³

477 2116 696 2163 peregre
717 2097 986 2164 proficisci
1002 2099 1135 2161 [etc.‚
1156 2116 1349 2147 comme
1367 2097 1622 2147 ci-dessus
1637 2096 2175 2163 jusqu’d]inferend0.
2200 2097 2344 2160 Quas
2366 2097 2474 2164 qui-

475 2183 597 2232 dem
621 2194 842 2233 centum
861 2183 1026 2234 libras
1049 2182 1433 2233 Parisiensium
1454 2184 1522 2233 ab
1542 2200 1603 2232 eo
1623 2182 1944 2248 priusquam
1964 2182 2144 2248 ipsum
2163 2182 2474 2233 relaxaretis

475 2269 542 2317 ad
590 2267 707 2333 (sic)
752 2267 899 2318 dicto
943 2285 1154 2318 carcere
1197 2267 1530 2330 extorsistis3
1592 2267 1824 2333 receptis
1868 2268 1938 2319 ab
1980 2285 2041 2317 eo
2085 2278 2212 2317 ante
2256 2277 2310 2316 et
2352 2277 2471 2333 post

474 2353 747 2417 prefatam
789 2352 1120 2403 sententiam
1159 2354 1292 2416 [etc.,
1335 2371 1528 2402 comme
1567 2352 1822 2402 ci-dessus
1859 2351 2097 2418 jusqu’d]
2127 2363 2470 2417 extorquere3

474 2447 707 2503 postque
736 2456 860 2487 eum
888 2457 916 2488 a
947 2437 1093 2487 dicto
1122 2455 1332 2487 carcere
1360 2437 1662 2487 relaxastis.
1698 2436 1744 2486 A
1773 2437 1971 2503 quibus
2015 2437 2236 2502 quidem
2263 2448 2466 2487 senten-

475 2522 549 2572 tia
582 2533 637 2572 et
667 2522 1006 2588 processibus
1039 2541 1134 2588 pro
1166 2532 1322 2587 parte
1354 2521 1487 2571 dicti
1519 2522 1765 2587 magistri
1798 2521 2084 2587 Reginaldi
2116 2522 2392 2587 quamcito
2421 2531 2475 2570 et

473 2617 636 2672 prout
671 2607 777 2657 fuit
812 2607 914 2657 sibi
949 2617 1135 2656 tutum
1172 2617 1226 2656 et
1262 2605 1516 2672 possibile
1552 2606 1741 2656 extitit
1775 2607 1844 2656 ad
1875 2605 2069 2656 Sedem
2118 2606 2471 2673 apostolicam

473 2692 791 2757 apellatum.
846 2692 1023 2755 Quare
1073 2691 1252 2741 dictus
1303 2691 1562 2756 magister
1614 2690 1946 2755 Reginaldus
1997 2690 2151 2740 nobis
2203 2689 2473 2740 humiliter

473 2775 807 2842 supplicavit
845 2787 908 2826 ut
946 2795 1136 2826 causas
1175 2775 1558 2842 appellationis
1599 2774 1913 2826 huiusmodi
1950 2785 2005 2824 et
2043 2774 2247 2840 negotii
2284 2773 2471 2841 princi·

474 2861 608 2926 palis
635 2879 695 2912 ac
723 2858 994 2910 nullitatis
1028 2878 1122 2911 seu
1140 2858 1414 2910 iniusticie
1447 2857 1719 2910 sententie
1749 2857 2136 2911 huiusmodiet
2165 2877 2468 2926 processum

475 2946 590 3011 (sic)
620 2937 715 3012 per
739 2965 836 2996 vos
862 2945 916 2995 in
944 2945 1218 3011 premissis
1259 2945 1577 2995 habitorum
1595 2945 1649 2994 in
1665 2962 1894 2995 romana
1920 2944 2066 2995 curia
2101 2944 2398 2995 audiendas
2416 2953 2468 2993 et

472 3030 818 3091 decidendas,
851 3048 962 3080 non
994 3031 1253 3080 obstante
1288 3030 1434 3095 quod
1467 3030 1532 3079 de
1565 3029 1649 3079 sui
1680 3039 1878 3079 natura
1927 3046 2036 3079 non
2078 3027 2188 3078 sint
2229 3028 2283 3078 in
2325 3027 2464 3078 dicta

473 3114 619 3164 curia
650 3115 1056 3180 pertractande,
1089 3113 1374 3164 comittere
1406 3114 1772 3178 dignaremur.
1806 3112 2068 3176 Quocirca
2108 3115 2240 3176 [ecc.,
2283 3129 2468 3162 comme

470 3199 606 3248 dans
646 3200 698 3248 la
735 3199 1032 3264 precedente
1068 3197 1285 3264 jusqu’c'z
1324 3198 1376 3248 la
1417 3198 1532 3263 fin}
1577 3226 1644 3232 —
1689 3197 1895 3247 Datum
1937 3195 2213 3259 Avinioni,
2266 3216 2304 3246 11
2352 3195 2467 3245 idus

470 3283 672 3345 marcii,
708 3301 850 3333 anno
887 3282 1312 3349 quintodecimo.

528 3401 568 3441 1.
603 3400 801 3442 Cravant
827 3400 1036 3454 (Yonne),
1061 3401 1238 3442 arrond.
1264 3400 1525 3453 d’Auxerre,
1551 3409 1670 3443 cant.
1696 3401 1751 3442 de
1774 3401 2065 3442 Vermanton.

526 3471 564 3511 2.
588 3471 651 3511 La
668 3472 851 3524 prevete
874 3472 927 3511 de
949 3471 1072 3512 Paris
1093 3478 1170 3512 eut
1202 3485 1316 3525 pour
1349 3470 1547 3513 titulaire
1580 3472 1763 3524 Hugues
1811 3474 1865 3514 de
1896 3471 2035 3523 Crusy
2065 3470 2276 3524 jusqu‘au
2309 3468 2362 3509 19
2395 3481 2468 3507 no-

471 3540 650 3580 vembre
671 3541 797 3592 1330,
818 3542 924 3582 date
945 3542 970 3581 a
990 3541 1180 3595 laquelle
1201 3542 1280 3582 elle
1301 3542 1372 3583 fut
1392 3542 1561 3582 confiee
1599 3544 1624 3582 a
1674 3543 1787 3583 Jean
1823 3543 1974 3593 Milon,
2024 3541 2100 3594 qui
2138 3542 2179 3582 la
2215 3540 2350 3594 garda
2381 3537 2470 3590 jus-

467 3609 603 3662 qu’au
628 3611 680 3651 13
713 3611 822 3651 avril
854 3611 979 3653 1334.
1014 3612 1079 3652 De
1108 3612 1391 3664 Mas-Latrie,
1421 3626 1490 3665 op.
1522 3613 1608 3665 cit„
1639 3613 1719 3653 col.
1752 3613 1877 3653 2186.

529 3680 568 3720 3.
602 3679 930 3722 Saint-Nicolas
957 3682 1011 3722 de
1036 3681 1154 3735 Bari,
1181 3696 1236 3723 en
1263 3682 1405 3724 Italie.
