2540 4354
936 391 1082 426 nau
1139 390 1261 425 xxn
1988 374 2083 429 111

123 490 132 498 ⁷
180 525 204 548 ἰ·
220 501 351 556 eruli
370 501 390 535 ²
413 508 469 554 et
493 502 815 568 Lugdunen.
837 501 859 535 ²
881 502 1114 555 consiliis
1137 522 1199 554 ac
1223 504 1616 568 subsequenter
1639 520 1732 569 per
1754 503 1843 558 fel.
1880 506 2084 559 record.

120 585 402 654 ‚mltum
445 595 707 651 quartum
734 586 758 618 ⁸
812 595 868 635 et
897 585 1241 637 Bonifacium
1261 586 1397 637 VIII
1431 587 1453 618 ⁴
1493 604 1748 638 romanos
1781 587 2086 653 pontifices,

150 728 161 734 „
221 685 509 720 ·ecessores
538 678 772 734 nostros,
801 678 991 719 contra
1019 667 1136 719 illos
1167 669 1329 721 falsos
1359 679 1414 719 et
1443 668 1636 735 impios
1655 668 1975 721 christianos
1994 670 2087 735 qui

200 767 367 805 orsus
397 751 573 803 Deum
606 751 1009 818 Redemptoren
1037 762 1285 802 nostrum
1328 762 1383 801 et
1427 752 1689 818 populum
1732 752 2086 804 christianum

274 832 415 887 cenis
441 833 661 896 ferrum,
689 852 838 886 arma
866 834 1062 900 quibus
1089 834 1409 886 christianos
1448 831 1791 901 impugnant,
1833 854 1895 887 ac
1920 835 2086 901 ligna-

285 917 561 983 galearum
590 927 647 968 et
677 917 905 969 aliorum
937 935 1192 968 vasorum
1224 917 1614 982 navigabilium
1645 921 1914 980 deferunt,
1946 929 2001 968 et
2031 919 2083 969 in

165 1006 169 1010 ’
253 999 347 1066 qui
395 999 470 1051 eis
534 1000 713 1066 galeas
763 1001 1012 1054 vendunt
1062 1011 1160 1052 aut
1224 1019 1409 1062 naves,
1477 1002 1676 1067 quique
1724 1003 1780 1054 in
1844 1002 2086 1069 piraticis

154 1090 186 1128 '·
239 1097 533 1136 acenorum
580 1084 813 1135 navibus
861 1102 1048 1135 curam
1098 1085 1504 1149 gubernationis
1566 1097 1835 1147 exercent,
1885 1086 1976 1138 vel
2036 1085 2090 1135 in

170 1154 174 1161 Ι
202 1165 373 1219 chinis
409 1176 508 1218 aut
546 1167 881 1233 quibuslibet
898 1166 1014 1219 aliis
1033 1166 1253 1232 aliquod
1272 1168 1345 1218 eis
1363 1169 1687 1234 impendunt
1706 1169 1971 1220 auxilium
2003 1169 2087 1218 vel

135 1247 159 1290 ¹-
192 1249 391 1303 ·ilium
414 1250 469 1302 in
495 1249 912 1302 christianorum
937 1250 1281 1316 dispendium
1300 1262 1354 1301 et
1371 1252 1673 1317 specialiter
1691 1253 1847 1303 Terre
1868 1254 2084 1313 Sancte,

159 1371 192 1403 .·
233 1343 334 1387 unt
376 1343 494 1386 tam
538 1333 1116 1384 excommunicationis
1163 1353 1329 1400 quam
1374 1335 1474 1384 alie
1534 1335 1742 1387 diverse
1780 1335 2085 1401 spirituales

156 1418 518 1484 ⁹,temporales
545 1435 679 1483 pene
705 1427 759 1468 et
784 1417 1052 1481 sententie
1080 1418 1437 1483 promulgate.
1470 1419 1688 1469 Necnon
1729 1418 1812 1484 pie
1833 1417 2086 1468 memorie

135 1494 160 1544 ³0³
207 1518 356 1554 mens
388 1520 534 1568 papa
569 1502 614 1552 V
648 1502 670 1534 ⁸
702 1501 1044 1568 predecessor
1076 1512 1259 1552 noster
1292 1502 1423 1552 dicti
1461 1503 1666 1553 Nicolai
1683 1503 1922 1568 vestigiis
1938 1503 2086 1552 inhe-

164 1586 174 1641 Ϊ
204 1585 293 1648 do,
329 1584 490 1636 duxit
525 1584 855 1636 auctoritate
893 1585 1190 1651 apostolica
1229 1587 1586 1636 statuendum
1623 1597 1685 1636 ut
1722 1587 1899 1637 nullus
1917 1603 2086 1649 arma,

233 1686 295 1732 -ι,
334 1668 556 1731 ferrum,
595 1668 909 1736 lignamina,
952 1668 1211 1719 victualia
1254 1680 1308 1719 et
1363 1669 1466 1720 alia
1523 1687 1861 1735 quecumque
1905 1670 2087 1721 merci·

163 1740 166 1742 i
241 1750 254 1764 '
322 1750 380 1803 in
411 1752 799 1804 Alexandriam
835 1752 921 1802 vel
955 1752 1059 1803 alia
1096 1754 1212 1804 loca
1249 1754 1666 1804 Sarracenorum
1714 1764 1853 1804 terre
1907 1752 2089 1818 Egipti

220 1847 336 1899 -m,
376 1834 592 1886 mittere
631 1853 726 1886 seu
766 1836 831 1885 de
872 1836 1119 1901 portibus
1174 1854 1359 1886 eorum
1414 1847 1476 1886 ut
1520 1836 1720 1887 eisdem
1774 1836 2088 1886 deferantur

145 1919 167 1932 ’
207 1922 214 1927 ’
245 1919 406 1981 here,
435 1935 529 1969 seu
558 1918 772 1969 extrahi
801 1918 1114 1984 permittere
1145 1921 1439 1986 [repetition
1467 1938 1594 1972 :seu
1626 1921 1691 1970 de
1723 1919 1969 1985 portibus
2001 1937 2085 1969 eo-

194 2028 216 2042 ··
272 2010 337 2052 ut
377 2000 579 2052 eisdem
624 2002 938 2052 deferantur
982 2004 1284 2064 extrahere,
1332 2022 1426 2053 seu
1472 2003 1686 2054 extrahi
1732 2001 2086 2069 permittereJ,

2 2083 9 2093 ⁴
66 2098 113 2115 *
184 2119 186 2122 >
226 2082 301 2136 eis
321 2083 452 2136 alias
470 2083 735 2135 auxilium
752 2084 838 2135 vel
856 2085 1100 2136 favorem
1119 2096 1358 2152 prestare
1378 2086 1764 2152 quoquomodo
1783 2095 2086 2151 presumat;

122 2155 178 2234 ἶ·
227 2203 231 2207 -
288 2177 463 2218 entes
510 2185 601 2218 eos
650 2167 743 2234 qui
793 2179 980 2219 contra
1045 2169 1358 2222 huiusmodi
1420 2169 1869 2219 constitutionem
1931 2187 2086 2219 suam

187 2260 193 2263 χ
239 2287 244 2290 -
271 2249 395 2302 vurio
427 2268 567 2303 ausu
596 2250 779 2301 venire
813 2265 1202 2319 presumerent,
1236 2271 1298 2303 eo
1345 2252 1460 2319 ipso
1509 2250 2089 2303 excommunicationis

245 2368 249 2372 -
276 2331 372 2384 tis
401 2334 694 2396 subiacere,
725 2334 842 2385 aliis
871 2335 1252 2386 nichilominus
1283 2336 1432 2402 penis
1463 2335 1686 2401 diversis
1731 2344 1918 2385 contra
1962 2333 2079 2384 illos

289 2413 302 2426 ⁰
333 2455 348 2468 .
374 2415 483 2468 Nos
505 2434 722 2482 quoque
741 2418 950 2469 dudum
969 2429 1223 2485 percepto
1244 2420 1388 2484 quod
1414 2419 1659 2470 nonnulli
1680 2418 1791 2468 solo
1810 2418 2085 2470 duntaxat

182 2563 207 2573 „
311 2497 627 2551 christiani
651 2513 1095 2567 presumpserant
1117 2502 1173 2552 in
1198 2502 1349 2552 illum
1374 2520 1606 2552 errorem
1645 2519 1781 2553 ausu
1819 2501 2085 2566 dampna·

159 2571 210 2654 J
230 2591 583 2648 prorumpere
615 2599 678 2633 ac
710 2583 877 2635 etiam
896 2587 1302 2651 presumebant,
1336 2596 1397 2635 ut
1416 2583 1764 2651 pertinaciter
1781 2591 2079 2633 assererent

173 2650 412 2729 finarum
437 2682 617 2717 rerum
644 2667 967 2718 commercio
995 2679 1050 2718 et
1078 2667 1418 2733 negotiorum
1447 2666 1700 2717 exercitio
1731 2666 1842 2715 fore
1885 2666 2085 2717 solum-

166 2737 222 2809 ⁶,
242 2761 276 2798 ο
295 2746 698 2811 abstinendum,
723 2767 827 2815 que
850 2751 1157 2801 duntaxat
1144 2770 1196 2801 ιη
1218 2750 1439 2817 prefatis
1458 2748 1689 2799 consiliis
1708 2748 2082 2813 prohibentur,

166 2857 217 2885 ,·
248 2854 253 2868 ·
285 2828 439 2880 citer
454 2829 697 2896 quinimo
716 2829 2080 2900 dampnabiliterastruentescontraconstitutiones

163 2981 166 2987 Ι
222 2937 226 2945 »
279 2916 380 2963 tas
421 2912 680 2968 victualia
721 2926 776 2965 et
818 2917 921 2967 alia
965 2935 1285 2983 quecunque
1329 2914 1673 2966 mercimonia
1717 2924 1896 2980 preter
1935 2912 2079 2961 dicta

173 3031 180 3060 3
259 3021 280 3035 ,.
297 3010 384 3045 em
402 2996 634 3048 consiliis
655 2998 928 3064 prohibita
949 3000 1004 3050 in
1026 3000 1410 3051 Alexandriam
1432 2999 1517 3050 vel
1551 2997 1654 3048 alia
1688 2997 1803 3046 loca
1840 2995 2080 3045 Sarrace-

190 3128 203 3135 ,
229 3102 290 3118 υ
331 3075 470 3129 terre
502 3079 685 3147 Egipti
715 3082 921 3135 deferre
952 3084 1037 3134 vel
1070 3083 1282 3135 mittere
1315 3102 1422 3133 non
1453 3100 1563 3132 esse
1596 3089 1897 3147 peccatum,
1930 3096 1983 3128 se
2027 3088 2081 3126 et

280 3176 376 3227 per
409 3161 825 3215 affirmationem
864 3166 1052 3216 erroris
1092 3166 1400 3217 huiusmodi
1439 3164 1768 3230 pertinacem
1804 3159 1859 3211 in
1897 3177 2079 3226 pecca-

175 3238 195 3253 ⁹
208 3248 225 3310 f
244 3267 267 3283 ··
306 3241 423 3311 (sic)
446 3243 617 3297 fecem
635 3256 690 3297 et
708 3248 889 3301 labem
907 3248 1196 3313 pravitatis
1216 3249 1446 3298 heretice
1465 3245 1811 3310 inmergendo
1834 3261 1968 3307 :que
1986 3260 2079 3307 per

195 3340 319 3401 svm
357 3324 736 3379 nichilominus
778 3330 1118 3380 Bonifacium
1161 3342 1215 3380 et
1272 3332 1601 3381 Clementem
1659 3327 1803 3376 facta
1860 3325 2079 3373 fuerunt

175 3411 242 3484 ’ῆι-ν
293 3404 392 3457 hiis
421 3418 540 3459 rata
571 3420 627 3459 et
658 3422 810 3475 grata
844 3414 1122 3475 habentes,
1155 3414 1244 3464 illa
1276 3413 1529 3463 duximus
1575 3407 1900 3460 auctoritate
1946 3423 2075 3470 apo·

121 3498 124 3501 ⁴
144 3560 146 3564 Ι
174 3484 274 3546 Ῑ”.·’“ῑ
306 3491 656 3555 approbanda
674 3505 728 3544 et
745 3495 910 3546 etiam
927 3495 1480 3561 innovanda‚illorum
1492 3510 1721 3542 errorem
1733 3488 2072 3554 quiastruere

155 3564 476 3639 ‘'sssuffirmare
506 3575 854 3639 pertinaciter
882 3579 1286 3629 contendebant
1317 3577 1572 3627 victualia
1604 3585 1658 3623 et
1687 3572 1789 3622 alia
1814 3590 2070 3637 quecum-

101 3667 116 3730 ’,ζ
150 3652 583 3731 δμῑιιιοιᾞίιιιοιιία
618 3670 796 3724 preter
832 3661 1073 3726 predicta
1108 3661 1163 3711 in
1198 3660 1398 3711 eisdem
1434 3656 1663 3709 consiliis
1701 3652 1972 3720 prohibita
2008 3652 2062 3702 in
