2540 4354
406 381 473 430 44
795 399 1084 431 ΒυιιΑιΒΕ
1127 398 1203 430 DE
1246 379 1666 438 L’1Noms1r10N
1709 395 2033 438 FRANQAISE

414 530 579 563 sanae
611 512 888 575 dioecesis,
909 510 1188 562 confertur
1208 512 1416 562 Jacobo
1438 507 1723 560 Manivesii
1745 507 2059 576 [Marquesii
2082 509 2150 578 P],
2170 508 2225 558 in
2244 509 2416 560 officio

409 597 778 663 inquisitionis
823 596 1057 658 notario,
1102 594 1298 646 rectori
1345 595 1472 645 eccl.
1495 595 1559 644 de
1583 592 1783 643 Davitz
1804 593 1842 655 ⁵,
1867 594 2113 646 Castren.
2136 594 2325 647 dioec..
2351 627 2419 634 —

410 682 695 733 Virtutum
738 680 952 734 studiis,
986 715 1054 721 -
1100 682 1161 731 In
1204 681 1439 730 eundem
1460 679 1686 728 modum
1705 677 2091 728 archidiacono
2116 677 2344 740 Albion„
2365 690 2418 730 ct

406 765 727 818 cancellario
758 766 1029 826 Tolosan„
1063 783 1126 815 ac
1159 763 1396 815 Guidoni
1426 763 1493 812 de
1525 762 1779 813 Velletr0.

483 853 584 901 Pro
618 850 871 900 omnibus
905 870 917 900 ε
953 850 1160 899 Datum
1195 846 1468 908 Avinioni,
1503 865 1562 895 XI
1596 846 1703 898 kal.
1751 845 2008 908 octobris,
2056 846 2414 913 pontificatus

407 934 577 985 nostri
603 952 745 985 anno
770 933 952 984 tertio.

465 1114 504 1154 1.
537 1113 805 1165 Thurageau
839 1108 1058 1165 (Vienne),
1089 1111 1266 1150 arrond.
1298 1110 1353 1150 de
1384 1108 1587 1150 Poitiers.

463 1184 503 1224 2.
537 1182 756 1223 Montreal
789 1180 968 1233 (Aude),
996 1180 1174 1222 arrond.
1205 1181 1260 1221 (16
1288 1179 1603 1221 carcassonne.

465 1254 505 1294 3.
540 1249 1156 1294 Saint-Paul-de-Fenouillet
1189 1249 1735 1304 (Pyrenees-Orientales),
1766 1251 1944 1292 arrond.
1977 1252 2033 1292 de
2065 1250 2333 1305 Perpignan.

467 1324 507 1365 4.
541 1321 1141 1364 Saint-Felix-de-Caraman
1184 1320 1621 1375 (Haute-Garonno),
1660 1328 1780 1362 cant.
1820 1322 1875 1362 de
1915 1322 2071 1375 Revel,
2124 1322 2302 1363 arrond.
2362 1321 2418 1364 de

404 1395 716 1437 villefranche.

463 1469 504 1507 5.
536 1465 685 1517 Avits‚
714 1479 951 1506 commune
980 1466 1035 1506 de
1065 1464 1239 1506 Castres
1273 1464 1441 1519 (Tarn).

1272 1805 1554 1864 -20—

486 1970 557 2020 Le
582 1988 720 2036 pape
746 1968 1104 2019 recommande
1130 1986 1236 2017 aua:
1263 1967 1606 2034 inquisiteurs
1631 1968 1690 2017 de
1717 1968 1768 2017 la
1791 1966 1866 2033 joi
1892 1971 2125 2033 presents
2150 1978 2194 2017 et
2218 1970 2250 2017 ὰ
2276 1967 2420 2018 venir

409 2055 469 2105 cle
496 2053 775 2104 s’abstenir
802 2053 861 2103 de
888 2063 1022 2102 toute
1052 2052 1376 2102 molestation
1403 2055 1435 2101 ἀ
1463 2051 1702 2102 l’endroit
1729 2052 1816 2101 des
1844 2052 2052 2101 consuls
2080 2062 2123 2101 et
2150 2052 2236 2101 des
2268 2053 2414 2102 bour-

414 2138 554 2203 geois
586 2138 645 2188 de
680 2137 1037 2203 Montpellier,
1071 2137 1197 2186 dont
1228 2137 1280 2186 la
1312 2136 1505 2201 fidelite
1535 2135 1788 2186 se'culaire
1818 2139 1850 2186 ὰ
1869 2135 1899 2186 l’
1918 2125 2097 2200 Eglise
2115 2136 2418 2202 catholique,

407 2223 551 2289 jadis
584 2225 880 2288 remarquee
911 2240 1011 2287 par
1042 2220 1310 2287 plusieurs
1344 2239 1526 2287 papes,
1565 2220 1738 2271 merite
1772 2239 1949 2271 encore
1982 2220 2135 2271 d’etre
2169 2220 2416 2272 vivement

407 2307 564 2358 loue'e.
593 2335 663 2344 —
687 2304 958 2371 Avignon,
986 2305 1016 2354 2
1043 2306 1339 2355 novembre
1369 2305 1520 2356 1318.

753 2448 859 2501 Reg.
885 2448 1000 2501 Vat„
1022 2456 1054 2490 t.
1079 2462 1155 2501 CX,
1176 2463 1219 2489 n.
1242 2449 1347 2498 960;
1371 2447 1556 2501 Coulon,
1578 2463 1621 2489 n.
1644 2449 1728 2490 756
1749 2448 1788 2490 A
1812 2447 1878 2503 (in
1897 2448 2012 2502 ext).

487 2568 709 2620 Dilectis
752 2567 871 2618 siliis
907 2567 1323 2633 inquisitoribus
1360 2567 1595 2619 heretice
1631 2567 1924 2634 pravitatis
1964 2567 2017 2618 in
2050 2586 2214 2634 regno
2251 2568 2413 2618 Fran·

408 2654 486 2707 cie
510 2672 604 2720 per
627 2654 821 2704 Sedem
843 2652 1204 2718 apostolicam
1226 2652 1507 2718 deputatis
1530 2663 1586 2702 et
1603 2652 1657 2702 in
1677 2663 1958 2718 posterum
1980 2651 2329 2719 deputandis.
2351 2681 2418 2688 —

414 2738 532 2788 Etsi
567 2740 679 2788 zelo
720 2736 846 2788 fidei
881 2736 900 2766 ¹
1041 2766 1108 2772 —
1147 2738 1354 2787 Datum
1393 2736 1667 2799 Avinioni,
1721 2756 1808 2787 1111
1861 2755 2031 2787 nonas
2083 2735 2412 2797 novembris,

404 2841 546 2874 anno
572 2823 758 2876 tercio.

467 2996 505 3037 1.
538 2995 646 3037 Voir
666 2996 766 3050 plus
788 2996 885 3049 bas,
906 3010 950 3037 n.
974 2996 1073 3047 231,
1094 2996 1138 3037 la
1159 2995 1477 3038 confirmation
1498 2997 1553 3038 de
1575 3003 1693 3038 cette
1714 2996 1835 3038 bulle
1857 3011 1940 3050 par
1962 2996 2134 3038 Urbain
2154 2997 2214 3046 V;
2237 3004 2283 3038 et
2303 2996 2415 3037 dans

410 3066 597 3119 Coulon,
621 3081 664 3107 n.
690 3067 773 3108 756
797 3067 848 3119 B,
873 3067 956 3107 756
982 3066 1029 3119 C,
1053 3068 1137 3108 756
1163 3067 1219 3120 D,
1243 3068 1326 3108 756
1353 3067 1405 3120 E,
1429 3069 1507 3108 des
1531 3067 1685 3109 lettres
1709 3067 1985 3108 d'Honorius
2013 3067 2084 3108 III
2108 3074 2154 3108 et
2177 3066 2417 3108 d’Alexan-
2503 3118 2508 3124 Ι

407 3137 485 3180 dre
506 3136 566 3178 IV
584 3150 639 3178 en
655 3135 816 3179 favour
832 3137 887 3178 de
904 3136 1199 3192 Montpellier.
1219 3135 1328 3178 Voir
1344 3137 1444 3191 plus
1462 3136 1568 3190 loin‚
1586 3137 1647 3178 les
1666 3151 1708 3179 n.
1728 3138 1799 3190 78,
1817 3138 1888 3190 87,
1907 3138 1976 3190 88,
1995 3138 2066 3190 98,
2083 3137 2182 3190 172,
2200 3137 2299 3178 311.
2386 3190 2388 3192 ,

1275 3471 1567 3530 -21-

482 3634 552 3683 Le
606 3653 754 3699 corps
807 3634 867 3684 de
922 3635 1094 3685 Castel
1146 3635 1334 3696 Faure,
1397 3634 1667 3699 bourgeois
1712 3634 1772 3685 de
1829 3635 2189 3685 Carens-sonne
2243 3631 2416 3684 decede

410 3718 599 3784 depuis
626 3719 745 3784 plus
789 3718 848 3768 de
891 3729 1143 3784 quaranta
1187 3737 1302 3779 ans,
1348 3737 1381 3767 a
1438 3722 1509 3783 ἑτέ
1552 3718 1771 3769 εηεενεῑὶ
1815 3718 1948 3768 dans
1993 3719 2036 3768 le
2079 3728 2290 3768 couvent
2332 3716 2415 3766 des

408 3802 568 3867 freres
614 3804 846 3852 mineurs
893 3800 954 3855 de
985 3812 1104 3853 celle
1153 3802 1269 3853 ville
1287 3801 1322 3853 ¹.
1361 3802 1622 3866 Nagubre,
1645 3821 1746 3852 une
1777 3813 2008 3852 sentence
2048 3801 2108 3851 de
2154 3800 2415 3867 l’inquisae’-
