2540 4354
398 352 498 404 194
784 370 1071 403 BULLAIRE
1114 370 1190 402 DE
1233 351 1650 411 L’INQUISITloN
1693 362 2013 409 FRANQAlsE

393 499 452 526 au
488 484 627 538 profit
664 485 742 525 des
779 483 940 526 caisses
977 483 1276 538 pontificales,
1315 484 1509 537 figurent
1542 481 1687 536 parmi
1722 482 1785 522 les
1820 485 2010 521 recettes
2045 477 2101 519 (10
2135 474 2397 516 1337-1338.

390 554 557 606 Regest.
577 553 810 605 Avenion„
843 562 876 595 t.
907 566 1004 605 Lm,
1035 553 1113 594 fol.
1134 554 1231 595 327.
1254 553 1506 596 Guillaume
1525 554 1580 594 (10
1599 551 1842 593 Montrond
1862 548 1975 591 etait
1993 559 2150 589 encore
2169 559 2224 586 en
2243 544 2402 596 charge

393 639 448 665 en
480 624 607 665 1342.
642 624 704 665 Le
734 624 786 663 11
808 623 957 676 juillet
976 625 1031 664 de
1052 631 1171 665 cette
1191 625 1348 676 annee,
1369 623 1572 664 Cle'ment
1589 621 1655 664 VI
1674 620 1737 662 lui
1758 619 1963 672 accorda,
1983 631 2098 672 pour
2132 629 2214 656 son
2247 628 2409 665 neveu,

393 694 510 734 Pons
530 693 587 734 (10
609 693 866 744 Montrond,
897 693 1046 734 moine
1073 693 1334 735 benedictin
1363 693 1419 734 (10
1450 692 1695 745 Psalmody
1727 689 1898 753 (Gard),
1946 689 1988 730 10
2036 685 2249 728 0011011011
2298 685 2409 725 (1’1111

389 764 563 818 prieure
584 764 696 805 dans
726 763 767 804 10
797 763 972 804 diocese
1003 764 1059 804 (10
1089 764 1241 806 Nimes
1274 764 1333 818 (n.
1364 762 1482 817 182).

1228 1158 1577 1218 —130—

469 1322 607 1371 Jean
645 1321 830 1370 XXII
868 1339 939 1370 au
977 1321 1055 1371 roi
1093 1321 1153 1371 de
1192 1322 1412 1372 France.
1457 1322 1507 1371 Il
1544 1322 1587 1371 le
1628 1331 1725 1371 met
1762 1338 1826 1370 en
1867 1319 2022 1385 garde
2060 1319 2120 1369 de
2158 1337 2397 1369 nouveau

393 1416 562 1455 contre
590 1406 661 1454 les
689 1416 934 1470 rapports
965 1405 1313 1455 malveillants
1342 1416 1387 1455 el
1414 1405 1635 1455 l’assure
1663 1423 1758 1470 que
1787 1405 1830 1454 le
1859 1402 2117 1467 religieux
2145 1402 2404 1453 incarcere

396 1493 428 1539 ὰ
461 1489 713 1553 Avignon
746 1489 818 1539 l’a
849 1492 922 1539 e'te'
955 1508 1061 1539 non
1093 1508 1194 1554 par
1226 1490 1270 1539 le
1301 1508 1456 1555 pape,
1495 1489 1630 1539 mais
1663 1506 1763 1554 par
1795 1489 1865 1538 les
1900 1486 2262 1553 inquisiteurs,
2300 1506 2405 1537 non

395 1592 529 1638 pour
565 1573 711 1622 avoir
746 1584 968 1623 soutenu
1004 1593 1099 1639 que
1135 1575 1205 1623 les
1242 1575 1383 1623 times
1419 1574 1506 1624 des
1539 1573 1703 1638 justes
1737 1571 1996 1637 jouissent
2031 1571 2091 1621 de
2126 1571 2179 1620 la
2214 1589 2307 1621 oue
2342 1571 2402 1621 de

396 1657 636 1706 l’essence
670 1656 848 1707 divine
881 1669 1039 1707 avant
1073 1658 1116 1707 le
1147 1658 1431 1723 jugement,
1470 1657 1605 1708 mais
1637 1675 1792 1723 parce
1825 1655 1957 1722 qu’il
1989 1654 2286 1719 enseignait
2317 1654 2403 1704 des

396 1742 615 1791 he're'sies
639 1742 772 1793 dans
795 1761 874 1792 ses
898 1743 1150 1793 discours.
1181 1744 1230 1792 Il
1254 1743 1383 1794 n’est
1405 1762 1503 1810 pas
1527 1743 1713 1793 de‘tenu
1736 1742 1869 1791 dans
1895 1759 1996 1790 une
2010 1739 2196 1806 prison
2213 1739 2403 1800 e'troite,

400 1826 534 1875 mais
576 1826 694 1877 bien
729 1827 863 1877 dans
903 1846 1003 1877 une
1039 1826 1280 1878 chambre
1316 1828 1628 1878 convenable
1663 1826 1700 1879 ¹.
1740 1854 1810 1862 —
1845 1823 2116 1890 Avignon,
2158 1823 2220 1874 12
2260 1842 2402 1875 mars

398 1909 549 1960 1333.

743 2044 847 2096 Reg.
884 2044 998 2097 Vat„
1030 2052 1063 2087 t.
1097 2059 1242 2099 cxvn,
1273 2045 1349 2087 fol.
1381 2045 1464 2086 109
1498 2049 1563 2097 v0,
1607 2059 1651 2086 n.
1701 2044 1803 2094 541;
1855 2043 2040 2096 Denisse,
2061 2041 2270 2094 Chartul„
2287 2049 2321 2084 t.
2353 2055 2388 2082 11

681 2129 725 2169 p.
760 2116 859 2168 417,
895 2130 937 2156 11.
973 2117 1055 2157 973
1094 2116 1159 2170 (in
1192 2116 1305 2170 exa).

468 2232 660 2285 Eidem
703 2237 814 2302 regi
854 2238 1148 2304 [Francie].
1195 2266 1263 2273 —-
1311 2239 1657 2289 Innotuimus
1716 2257 1970 2305 nuper...
2032 2238 2171 2289 Sane
2254 2235 2400 2303 quia,

394 2318 535 2369 sicut
578 2319 965 2384 intelleximus,
1011 2322 1115 2372 viri
1160 2324 1448 2373 mendaces
1493 2342 1603 2372 non
1648 2334 1863 2374 cessant
1908 2322 2203 2373 mendaciis
2240 2322 2401 2372 variis

388 2402 633 2453 animum
667 2405 875 2470 regium
913 2417 1102 2458 contra
1139 2426 1235 2458 nos
1271 2408 1501 2469 irritare,
1550 2425 1807 2470 rogamus
1858 2404 2399 2472 circumspectionem

386 2486 590 2552 regiam
627 2500 690 2538 ut
726 2489 864 2539 nolit
902 2490 1104 2541 talibus
1146 2492 1310 2543 fidem
1349 2492 1493 2542 dare.
1536 2491 1806 2558 Quicquid
1844 2491 1989 2541 enim
2027 2491 2091 2540 de
2123 2491 2290 2541 fratre
2309 2490 2397 2540 illo

387 2581 548 2636 capto
588 2571 847 2624 Avinioni
886 2586 1277 2640 exposuerunt,
1319 2586 1594 2642 quantum
1632 2576 1702 2627 ad
1742 2576 1843 2626 hoc
1884 2576 2031 2641 quod
2082 2593 2179 2625 nos
2218 2575 2397 2640 ipsum

388 2655 689 2720 ceperimus
743 2669 842 2709 aut
899 2670 1126 2725 captum
1182 2671 1487 2722 teneamuS,
1563 2660 1821 2726 quodque
1880 2670 2074 2726 captus
2132 2669 2215 2709 est
2270 2656 2398 2725 quia

391 2739 771 2804 predicaverat
822 2754 1140 2794 sanctorum
1192 2744 1402 2796 animas
1455 2744 1640 2794 videre
1693 2744 1940 2795 divinam
1992 2743 2304 2805 essentiam,
2343 2751 2397 2792 et

389 2824 534 2887 quod
556 2824 612 2874 in
650 2825 765 2876 diro
790 2844 999 2878 carcere
1043 2828 1340 2891 detinetur,
1380 2839 1565 2879 totum
1601 2839 1684 2879 est
1726 2827 1952 2879 veritati
1985 2827 2396 2893 [contrarium];

389 2907 516 2972 quia
550 2927 659 2959 non
692 2929 786 2975 per
819 2930 934 2975 nos,
969 2913 1062 2963 sed
1096 2931 1191 2979 per
1221 2913 1572 2980 inquisitores
1607 2912 1843 2962 heretice
1875 2912 2169 2979 pravitatis
2204 2921 2396 2977 captus

386 2991 574 3041 extitit
599 3003 654 3043 et
680 3005 874 3060 captus
896 2995 1200 3059 detinetur3
1219 3016 1318 3047 nec
1337 2998 1405 3047 ob
1425 2998 1527 3047 hoc
1547 2997 1694 3063 quod
1713 2996 1975 3063 premissa
2001 2996 2398 3062 predicaverat,

395 3093 518 3124 cum
557 3078 805 3128 nonnulli
843 3078 935 3129 alii
961 3079 1366 3145 predicaverint
1408 3090 1462 3129 et
1493 3080 1674 3146 plures
1717 3079 1783 3129 de
1828 3079 1930 3130 hoc
1975 3077 2401 3145 disputaverint,

391 3159 484 3223 qui
538 3179 891 3227 nequaquam
947 3165 1171 3215 fuerunt
1226 3166 1392 3232 capti,
1454 3167 1546 3215 sed
1588 3165 1715 3231 quia
1755 3165 1811 3215 in
1864 3182 2110 3215 sermone
2149 3182 2247 3214 suo
2301 3163 2394 3214 do·

401 3244 697 3303 gmatizare
745 3247 954 3297 hereses
1002 3249 1305 3312 dicebatur,
1352 3249 1472 3299 ideo
1519 3251 1589 3300 ab
1633 3248 2049 3315 inquisitoribus
2068 3249 2174 3298 fuit
2205 3257 2400 3314 captus

394 3336 448 3374 et
468 3327 648 3378 adhuc
668 3329 963 3393 detinetur,
985 3351 1094 3382 non
1114 3332 1169 3383 in
1189 3334 1305 3383 diro
1327 3352 1555 3396 carcere,
1578 3333 1669 3383 sed
1690 3333 1745 3384 in
1766 3352 1873 3384 una
1894 3333 2124 3384 honesta
2163 3349 2391 3391 camera,

385 3410 449 3458 de
483 3430 588 3476 qua
621 3413 676 3461 in
708 3432 803 3462 suo
838 3416 1024 3465 ordine
1057 3427 1196 3467 esset
1230 3420 1365 3468 bene
1399 3428 1758 3468 contentus...
1795 3446 1863 3453 -—
1896 3418 2103 3468 Datum
2136 3436 2224 3467 1111
2269 3415 2389 3466 idus

385 3495 586 3556 marcii,
615 3515 757 3546 anno
788 3499 1009 3553 XIIII⁰.

439 3625 478 3665 1.
512 3625 617 3665 Voir
639 3626 682 3666 la
706 3627 823 3668 bulle
847 3631 1127 3686 precedente,
1152 3642 1258 3675 note
1281 3636 1321 3676 3.
