2540 4354
459 337 562 390 498
847 349 1134 384 numanae
1174 347 1251 380 nn
1291 327 1708 388 tfmomsrrxon
1751 339 2069 385 nunc-..usn

456 487 578 518 rum
639 465 1005 518 criminalium
1065 461 1340 515 curiarum
1398 456 1807 526 promotoribus
1834 454 1856 485 ³
1911 455 2046 507 falso
2105 450 2468 504 referentibus

458 553 671 619 prefato
715 549 911 602 Pontio
957 547 1102 614 quod
1134 547 1278 597 idem
1317 542 1636 594 Dominicus
1668 541 1725 591 in
1760 538 1865 588 fide
1899 536 2170 591 catholica
2201 534 2464 599 multipli-

458 636 591 684 citer
633 645 920 702 suspectus
995 631 1277 692 existeret,
1332 645 1548 680 necnon
1587 623 1658 694 {in
1724 621 1951 674 diversis
2020 619 2266 674 articulis
2331 617 2460 669 fidei

455 719 700 769 eiusdem
771 728 906 768 tunc
977 713 1247 782 expressis
1305 710 1525 781 ferrores
1584 717 1863 761 asteneret
1936 705 2053 771 (sic)
2113 704 2458 769 reprobatoS,

456 804 702 868 prefatus
743 800 1038 867 inquisitor
1077 817 1240 864 super
1279 798 1382 848 ho'c
1424 805 1615 846 contra
1657 791 1893 843 eundem
1916 788 2267 840 Dominicum
2300 804 2463 851 quem

454 897 680 952 propter
720 888 823 936 hoc
863 885 934 936 ad
975 903 1134 935 suam
1176 881 1306 933 fecit
1347 877 1567 930 evocari
1606 874 1943 943 presentiam
1985 890 2147 939 super
2188 869 2464 936 premissis
2536 909 2540 913 .

453 989 521 1021 ex
551 970 725 1021 officio
759 971 827 1021 ad
859 966 1276 1034 inquisitionem
1307 961 1608 1023 descendit,
1643 959 1803 1010 dictis
1837 955 2246 1025 promotoribus
2279 953 2463 1004 huius·
2528 949 2540 1015 ξ

453 1054 603 1105 modi
657 1052 1031 1120 Inquisitionis
1080 1048 1365 1116 negotium
1414 1043 1902 1113 prosequentibus3
1954 1051 2008 1092 et
2057 1039 2184 1105 quia
2217 1038 2463 1105 prefatus
2523 1074 2537 1106 Ὗ-

451 1138 743 1204 inquisitor
808 1156 903 1204 per
967 1133 1383 1202 inquisitionem
1450 1127 1766 1181 huiusmodi
1830 1125 2044 1178 dictum
2112 1120 2463 1174 Dominicum
2525 1131 2540 1186 fi

458 1226 682 1278 minime
707 1221 1037 1289 culpabilem
1061 1217 1362 1286 reppererit
1384 1217 1440 1266 in
1465 1212 1738 1282 premissis
1765 1210 2137 1277 diffinitivam,
2178 1225 2272 1273 per
2297 1224 2463 1271 quam
2530 1244 2540 1276 5

448 1314 630 1380 ipsum
687 1307 1040 1360 Dominicum
1093 1306 1163 1355 ab
1216 1301 1563 1368 impetitione
1620 1298 1694 1364 (P)
1750 1296 2026 1348 dictorum
2079 1301 2462 1359 promotorum

448 1395 707 1457 absolvit,
741 1409 977 1458 eumque
1010 1391 1076 1440 de
1109 1387 1384 1455 premissis
1419 1384 1522 1435 sibi
1553 1381 1824 1447 impositis
1858 1396 2076 1446 prorsus
2109 1377 2460 1428 innocentem
2516 1379 2540 1439 :J

448 1479 770 1540 declaravit,
810 1473 1147 1528 sententiam
1188 1468 1580 1538 promulgavit.
1625 1468 1802 1530 Quare
1844 1482 1939 1530 pro
1981 1472 2138 1529 parte
2177 1459 2313 1512 dicti
2355 1460 2459 1510 Do·
2511 1447 2540 1526 ἦ

448 1564 633 1617 minici
680 1562 786 1613 fuit
836 1559 990 1611 nobis
1037 1556 1320 1608 humiliter
1366 1542 1742 1619 supplicatum
1790 1560 1853 1600 ut
1899 1545 2234 1599 sententiam
2281 1544 2459 1610 ipsam
2524 1543 2532 1595 Ῐ

445 1652 611 1700 robur
661 1649 964 1698 faceremus
1019 1640 1299 1694 firmitatis
1351 1638 1603 1689 debitum
1657 1634 1920 1685 obtinere.
1977 1632 2156 1695 Quare
2206 1628 2458 1679 fraterni-

448 1734 554 1784 tati
594 1744 685 1784 tue
730 1731 1058 1784 mandamus
1102 1724 1363 1792 quatinus
1406 1721 1714 1789 predictam
1755 1715 2093 1769 sententiam
2133 1714 2275 1765 sicut
2317 1713 2456 1764 iuste
2521 1751 2531 1778 a

445 1819 659 1885 prolata
715 1824 798 1866 est
852 1810 1223 1879 appellatione
1275 1817 1487 1858 remota
1543 1803 1878 1855 auctoritate
1932 1797 2234 1867 apostoliea
2291 1796 2458 1850 facias

447 1897 1020 1970 firmiterwobservari.
1069 1924 1139 1930 -—
1185 1895 1394 1944 Datum
1439 1887 1701 1950 Bononie,
1749 1886 1988 1938 secundo
2035 1901 2208 1935 nonas
2256 1880 2457 1945 martii,
2511 1868 2517 1889 ⁷

444 2006 587 2038 anno
619 1995 836 2050 quarto.
870 1979 1189 2032 Franciscus
1222 1976 1446 2043 (XIIII)
1477 1976 1542 2024 de
1575 1973 1779 2038 Agello.

502 2130 542 2169 1.
576 2128 692 2168 Jean
718 2127 795 2167 des
820 2122 1082 2173 Bertrands,
1108 2119 1295 2161 docteur
1322 2121 1367 2158 es
1393 2116 1490 2169 lois,
1517 2129 1678 2170 promu
1704 2115 1730 2153 a
1757 2113 1937 2154 Geneve
1963 2124 2044 2164 par
2068 2109 2232 2150 Benoit
2257 2107 2395 2159 XIII,
2412 2107 2452 2147 le

443 2201 497 2240 14
522 2197 758 2240 decembre
779 2194 914 2242 140&
939 2190 1158 2233 transfere
1181 2190 1208 2229 a
1230 2187 1511 2238 Tarantaise,
1534 2187 1573 2226 le
1597 2186 1650 2225 23
1674 2182 1930 2237 septembre
1952 2180 2086 2228 14183
2111 2185 2232 2219 mort
2254 2192 2309 2218 cn
2322 2177 2450 2217 1432.

449 2269 560 2311 Gall.
586 2267 747 2319 christ„
770 2273 804 2306 t.
829 2278 929 2315 xv1,
953 2263 1035 2304 col.
1060 2260 1271 2307 433-435;
1297 2266 1330 2299 t.
1356 2272 1443 2309 xn,
1466 2256 1547 2298 col.
1573 2256 1678 2302 752;
1705 2252 1863 2303 Eubel,
1885 2250 2029 2300 Hier„
2052 2257 2086 2290 t.
2111 2263 2143 2301 1,
2166 2263 2210 2302 p.
2235 2247 2444 2299 271,498.

499 2341 538 2381 2.
574 2339 691 2379 Pons
725 2337 1009 2387 Feugeyron;
1044 2331 1100 2373 cf.
1134 2345 1177 2371 n.
1211 2330 1311 2381 338,
1344 2329 1441 2369 339.

508 2412 546 2451 3.
565 2409 686 2450 C’est
709 2406 765 2447 ici
790 2419 878 2446 une
903 2404 1077 2444 donnee
1102 2400 1328 2455 precieuse
1354 2395 1520 2453 etlbien
1547 2395 1768 2437 nouvelle.
1787 2390 2111 2447 L’inquisiteur
2126 2387 2353 2430 etantala
2367 2386 2450 2428 fois
2507 2430 2510 2434 ,

442 2483 562 2536 juge,
591 2484 872 2527 accusateur,
901 2473 1130 2514 ministere
1160 2470 1311 2525 public
1343 2476 1388 2510 et
1416 2468 1692 2509 instructeur
1721 2466 1782 2506 du
1811 2466 1984 2518 proces,
2013 2461 2044 2500 il
2073 2460 2151 2513 n'y
2180 2458 2307 2500 avait
2320 2457 2452 2512 point

440 2555 496 2594 de
517 2552 643 2607 place
664 2550 824 2602 aupres
846 2547 900 2587 de
922 2544 984 2587 lui
1005 2558 1119 2598 pour
1140 2557 1201 2585 un
1223 2548 1484 2595 promoteur
1507 2553 1565 2580 ou
1586 2549 1830 2592 procureur
1853 2533 1991 2576 fiscal.
2014 2531 2076 2573 Or
2096 2527 2314 2585 voicijque
2331 2528 2447 2569 Pons

441 2621 719 2676 Feugeyron,
749 2615 1019 2672 inquisiteur
1049 2628 1103 2656 en
1135 2613 1379 2663 Provence,
1411 2607 1667 2664 Dauphine,
1698 2604 1859 2647 Savoie
1877 2611 1924 2644 et
1952 2609 2103 2645 autres
2134 2600 2269 2650 lieuX,
2300 2605 2369 2640 est
2381 2612 2447 2639 se·

438 2693 580 2734 conde
604 2704 687 2746 par
710 2703 771 2730 un
797 2685 961 2728 officier
985 2684 1062 2739 qui
1087 2691 1217 2738 porte
1241 2696 1290 2723 ce
1314 2695 1436 2734 nom,
1461 2687 1508 2721 et
1531 2678 1608 2732 qui
1633 2677 1815 2731 n’opere
1838 2673 2068 2715 lui-meme
2085 2665 2282 2724 'qu'avec
2306 2683 2366 2710 un
2381 2681 2446 2708 re-

438 2765 703 2818 pre'sentant
731 2760 786 2800 de
812 2758 1018 2809 l'eveque
1047 2754 1231 2808 qualifie
1261 2753 1323 2794 du
1350 2753 1496 2792 meme
1524 2749 1646 2790 titre.
1678 2746 1876 2788 Antoine
1905 2745 1960 2785 de
1990 2741 2171 2795 Regiae,
2187 2746 2449 2795 promoteur

439 2835 501 2875 du
524 2829 829 2880 saint-office,
852 2834 921 2869 est
942 2841 1005 2867 un
1027 2826 1141 2866 frere
1162 2823 1339 2864 mineur
1360 2834 1534 2862 comme
1555 2820 1596 2860 le
1618 2819 1736 2872 juge.
1762 2817 1852 2858 Son
1875 2815 2088 2867 collegue,
2111 2812 2227 2852 Jean
2243 2811 2448 2863 Dupont.

439 2906 552 2945 clerc
578 2900 778 2951 seculier,
806 2906 874 2940 est
899 2898 940 2938 le
966 2902 1228 2951 promoteur
1253 2891 1476 2935 ordinaire
1502 2891 1560 2931 de
1583 2887 1842 2930 l'officialite
1870 2883 2111 2927 criminelle
2137 2883 2192 2924 de
2209 2878 2444 2922 Grenoble·

442 2975 524 3015 Les
546 2973 742 3014 donnees
762 2970 864 3010 font
883 2967 1043 3009 defaut
1062 2980 1176 3020 pour
1196 2963 1388 3018 preciser
1407 2963 1450 3003 la
1470 2962 1578 3002 date
1598 2967 1645 3001 et
1663 2960 1703 2999 le
1723 2957 1857 2998 motis
1878 2957 1933 2997 de
1953 2951 2295 2995 l’introduction
2309 2951 2363 2991 de
2377 2954 2448 2990 cet
2482 2958 2486 2961 '

438 3045 633 3085 clement
658 3052 869 3082 nouveau
895 3039 1008 3079 dans
1034 3036 1074 3076 le
1101 3033 1302 3076 tribunal
1327 3030 1642 3085 inquisitorial.
1674 3029 1743 3069 En
1769 3027 1898 3078 1477,
1924 3021 2231 3077 l'Inquisition
2258 3021 2312 3061 de
2331 3019 2446 3060 Lau-
2479 3074 2484 3079 .

435 3108 905 3155 sanne-Genevc-Sion
931 3106 1120 3161 possede
1147 3119 1214 3146 ses
1243 3105 1363 3146 deux
1389 3112 1655 3157 procureurs
1684 3100 1739 3140 de
1766 3099 1809 3139 la
1836 3096 1912 3137 foi.
1943 3095 2026 3135 Les
2053 3095 2208 3147 proces
2224 3086 2438 3132 d’heresie

434 3191 539 3226 sont
564 3182 769 3235 engages,
795 3186 842 3220 et
866 3178 928 3218 les
955 3176 1104 3218 divers
1130 3182 1253 3216 actes
1280 3175 1335 3215 de
1366 3173 1409 3213 la
1436 3171 1681 3226 procedure
1706 3175 1811 3210 sont
1837 3163 2079 3218 accomplis
2095 3163 2120 3202 a
2136 3161 2231 3202 leur
2243 3159 2440 3213 requete.

436 3255 636 3303 Hansen,
657 3249 850 3305 Qucum,
872 3255 975 3300 etc.,
996 3261 1040 3301 p.
1061 3246 1162 3298 488,
1183 3245 1281 3285 490.
1306 3244 1398 3284 Peu
1419 3244 1445 3283 a
1466 3255 1555 3296 peu
1573 3240 1604 3281 il
1625 3240 1697 3281 fut
1716 3237 1883 3291 adopte'
1904 3241 2107 3290 partout.
2145 3233 2310 3284 Pegna,
2326 3237 2462 3270 come*

436 3331 694 3365 mentateur
723 3317 996 3372 d’Eymeric,
1027 3316 1196 3369 signale
1225 3315 1320 3356 leur
1350 3313 1576 3355 existence
1607 3325 1662 3351 en
1692 3323 1763 3351 ces
1793 3316 1957 3349 termes
1989 3320 1998 3346 :
2038 3303 2159 3346 «Sed
2189 3315 2293 3344 cum
2311 3295 2442 3353 hodie

437 3390 692 3435 accusantis
726 3403 917 3444 persona
950 3401 1051 3428 raro
1087 3385 1376 3436 admittatur,
1410 3381 1618 3438 publicus
1654 3387 1723 3422 est
1757 3376 2033 3420 constitutus
2068 3371 2286 3423 minister,
2307 3380 2442 3427 quem*

435 3465 569 3515 vulgo
600 3460 796 3503 fiscalem
823 3458 1029 3510 dicimus,
1059 3455 1135 3510 qui
1163 3469 1403 3510 personam
1429 3449 1703 3495 accusatoris
1731 3448 1854 3490 subit
1871 3454 1917 3488 et
1932 3459 2030 3487 reos
2049 3450 2246 3485 accusat.
2272 3454 2288 3476 n
2310 3438 2441 3480 L’au-

434 3543 533 3576 teur
561 3534 637 3573 des
666 3527 1011 3572 commentaires
1041 3526 1171 3567 laisse
1200 3525 1415 3566 entendre
1443 3536 1530 3576 que
1558 3522 1598 3563 le
1638 3519 1867 3561 ministere
1907 3513 2060 3570 public
2101 3510 2286 3554 existait
2324 3509 2435 3549 dans

432 3602 478 3644 la
519 3603 703 3657 plupart
745 3600 821 3640 des
865 3597 1112 3638 tribunaux
1154 3593 1489 3647 d’Inquisition.
1536 3590 1758 3644 Eymeric‚
1797 3585 2087 3628 Directorium
2117 3579 2436 3636 inquisitorum,

431 3687 533 3714 cum
561 3677 800 3712 comment.
831 3668 1022 3719 Pegnae,
1053 3666 1147 3706 1112
1173 3672 1318 3720 parte,
1346 3669 1586 3705 comment.
1615 3661 1684 3701 14.
