<?xml version="1.0" encoding="UTF-8"?>
<!DOCTYPE html PUBLIC "-//W3C//DTD XHTML 1.0 Transitional//EN"
    "http://www.w3.org/TR/xhtml1/DTD/xhtml1-transitional.dtd">
<html xmlns="http://www.w3.org/1999/xhtml" xml:lang="en" lang="en">
 <head>
  <title>
</title>
<meta http-equiv="Content-Type" content="text/html;charset=utf-8" />
  <meta name='ocr-system' content='tesseract 3.04.00' />
  <meta name='ocr-capabilities' content='ocr_page ocr_carea ocr_par ocr_line ocrx_word'/>
</head>
<body>
  <div class='ocr_page' id='page_1' title='image "./bullairedelinqui00cathuoft/bullairedelinqui00cathuoft_0334.png"; bbox 0 0 2540 4354; ppageno 0'>
   <div class='ocr_carea' id='block_1_1' title="bbox 395 352 2012 414">
    <p class='ocr_par' dir='ltr' id='par_1_1' title="bbox 395 352 2012 414">
     <span class='ocr_line' id='line_1_1' title="bbox 395 352 2012 414; baseline -0.004 -7"><span class='ocrx_word' id='word_1_1' title='bbox 395 358 495 408; x_wconf 80' lang='lat'>240</span> <span class='ocrx_word' id='word_1_2' title='bbox 782 372 1069 405; x_wconf 73' lang='lat' dir='ltr'>BULLAmE</span> <span class='ocrx_word' id='word_1_3' title='bbox 1113 372 1188 402; x_wconf 81' lang='lat' dir='ltr'>DE</span> <span class='ocrx_word' id='word_1_4' title='bbox 1232 352 1647 411; x_wconf 77' lang='lat' dir='ltr'>L’iNQu1s1T10N</span> <span class='ocrx_word' id='word_1_5' title='bbox 1692 369 2012 414; x_wconf 67' lang='lat' dir='ltr'>FRANqusE</span> 
     </span>
    </p>
   </div>
   <div class='ocr_carea' id='block_1_2' title="bbox 391 485 2409 1735">
    <p class='ocr_par' dir='ltr' id='par_1_2' title="bbox 391 485 2409 1735">
     <span class='ocr_line' id='line_1_2' title="bbox 471 485 2402 552; baseline -0.003 -13"><span class='ocrx_word' id='word_1_6' title='bbox 471 491 681 540; x_wconf 89' lang='lat' dir='ltr'>Dilecto</span> <span class='ocrx_word' id='word_1_7' title='bbox 731 489 839 538; x_wconf 88' lang='lat' dir='ltr'>filio</span> <span class='ocrx_word' id='word_1_8' title='bbox 887 488 1148 552; x_wconf 88' lang='lat' dir='ltr'>magistro</span> <span class='ocrx_word' id='word_1_9' title='bbox 1199 488 1484 538; x_wconf 91' lang='lat' dir='ltr'>Guillelmo</span> <span class='ocrx_word' id='word_1_10' title='bbox 1533 486 1889 548; x_wconf 82' lang='lat' dir='ltr'>Lomhardi1‚</span> <span class='ocrx_word' id='word_1_11' title='bbox 1937 486 2196 536; x_wconf 92' lang='lat' dir='ltr'>canonico</span> <span class='ocrx_word' id='word_1_12' title='bbox 2247 485 2402 534; x_wconf 90' lang='lat' dir='ltr'>Mira-</span> 
     </span>
     <span class='ocr_line' id='line_1_3' title="bbox 400 570 2401 641; baseline -0.002 -17"><span class='ocrx_word' id='word_1_13' title='bbox 400 576 618 641; x_wconf 86' lang='lat' dir='ltr'>piscen.,</span> <span class='ocrx_word' id='word_1_14' title='bbox 659 573 787 622; x_wconf 92' lang='lat' dir='ltr'>iuris</span> <span class='ocrx_word' id='word_1_15' title='bbox 829 572 999 621; x_wconf 81' lang='lat' dir='ltr'>civilis</span> <span class='ocrx_word' id='word_1_16' title='bbox 1042 571 1349 637; x_wconf 80' lang='lat' dir='ltr'><strong>professori,</strong></span> <span class='ocrx_word' id='word_1_17' title='bbox 1390 571 1644 622; x_wconf 83' lang='lat' dir='ltr'>familiari</span> <span class='ocrx_word' id='word_1_18' title='bbox 1682 581 1888 620; x_wconf 88' lang='lat' dir='ltr'>nostro.</span> <span class='ocrx_word' id='word_1_19' title='bbox 1930 600 1998 604; x_wconf 83' lang='lat'>—-</span> <span class='ocrx_word' id='word_1_20' title='bbox 2035 570 2170 619; x_wconf 91' lang='lat' dir='ltr'>Cum</span> <span class='ocrx_word' id='word_1_21' title='bbox 2211 571 2401 620; x_wconf 90' lang='lat' dir='ltr'>Petrus</span> 
     </span>
     <span class='ocr_line' id='line_1_4' title="bbox 400 653 2405 721; baseline -0.003 -12"><span class='ocrx_word' id='word_1_22' title='bbox 400 661 463 709; x_wconf 93' lang='lat' dir='ltr'>de</span> <span class='ocrx_word' id='word_1_23' title='bbox 501 660 731 721; x_wconf 86' lang='lat' dir='ltr'>Quercu,</span> <span class='ocrx_word' id='word_1_24' title='bbox 769 658 831 706; x_wconf 93' lang='lat' dir='ltr'>de</span> <span class='ocrx_word' id='word_1_25' title='bbox 869 656 1156 707; x_wconf 90' lang='lat' dir='ltr'>Canarerio</span> <span class='ocrx_word' id='word_1_26' title='bbox 1183 656 1220 718; x_wconf 81' lang='lat'>2,</span> <span class='ocrx_word' id='word_1_27' title='bbox 1258 656 1525 721; x_wconf 76' lang='lat' dir='ltr'>presbiter</span> <span class='ocrx_word' id='word_1_28' title='bbox 1560 656 1811 706; x_wconf 88' lang='lat' dir='ltr'>Tarvien.</span> <span class='ocrx_word' id='word_1_29' title='bbox 1849 654 2164 716; x_wconf 89' lang='lat' dir='ltr'>diocesis,et</span> <span class='ocrx_word' id='word_1_30' title='bbox 2200 653 2405 704; x_wconf 89' lang='lat' dir='ltr'>Johan-</span> 
     </span>
     <span class='ocr_line' id='line_1_5' title="bbox 399 738 2404 806; baseline -0.002 -14"><span class='ocrx_word' id='word_1_31' title='bbox 399 762 489 792; x_wconf 92' lang='lat' dir='ltr'>nes</span> <span class='ocrx_word' id='word_1_32' title='bbox 525 744 587 791; x_wconf 93' lang='lat' dir='ltr'>de</span> <span class='ocrx_word' id='word_1_33' title='bbox 624 741 815 801; x_wconf 85' lang='lat' dir='ltr'>Salvis,</span> <span class='ocrx_word' id='word_1_34' title='bbox 850 740 1017 790; x_wconf 84' lang='lat' dir='ltr'>laicus</span> <span class='ocrx_word' id='word_1_35' title='bbox 1053 742 1118 790; x_wconf 92' lang='lat' dir='ltr'>de</span> <span class='ocrx_word' id='word_1_36' title='bbox 1153 742 1397 801; x_wconf 80' lang='lat' dir='ltr'>Arelate,</span> <span class='ocrx_word' id='word_1_37' title='bbox 1435 758 1599 806; x_wconf 91' lang='lat' dir='ltr'>super</span> <span class='ocrx_word' id='word_1_38' title='bbox 1631 738 2072 789; x_wconf 83' lang='lat' dir='ltr'>invocationibus</span> <span class='ocrx_word' id='word_1_39' title='bbox 2092 739 2404 799; x_wconf 90' lang='lat' dir='ltr'>demonum,</span> 
     </span>
     <span class='ocr_line' id='line_1_6' title="bbox 397 822 2402 889; baseline -0.003 -12"><span class='ocrx_word' id='word_1_40' title='bbox 397 826 694 886; x_wconf 85' lang='lat' dir='ltr'>maleficiis,</span> <span class='ocrx_word' id='word_1_41' title='bbox 742 825 1093 886; x_wconf 83' lang='lat' dir='ltr'>factionibus,</span> <span class='ocrx_word' id='word_1_42' title='bbox 1143 825 1353 875; x_wconf 90' lang='lat' dir='ltr'>artibus</span> <span class='ocrx_word' id='word_1_43' title='bbox 1403 825 1625 889; x_wconf 89' lang='lat' dir='ltr'>magicis</span> <span class='ocrx_word' id='word_1_44' title='bbox 1673 835 1727 873; x_wconf 90' lang='lat' dir='ltr'>et</span> <span class='ocrx_word' id='word_1_45' title='bbox 1774 823 2038 874; x_wconf 86' lang='lat' dir='ltr'>similibus</span> <span class='ocrx_word' id='word_1_46' title='bbox 2088 822 2402 871; x_wconf 87' lang='lat' dir='ltr'>criminibus</span> 
     </span>
     <span class='ocr_line' id='line_1_7' title="bbox 395 906 2401 975; baseline -0.002 -15"><span class='ocrx_word' id='word_1_47' title='bbox 395 910 734 961; x_wconf 87' lang='lat' dir='ltr'>detestandis</span> <span class='ocrx_word' id='word_1_48' title='bbox 781 911 1135 959; x_wconf 86' lang='lat' dir='ltr'>vehementer</span> <span class='ocrx_word' id='word_1_49' title='bbox 1181 909 1474 971; x_wconf 83' lang='lat' dir='ltr'>diffamati,</span> <span class='ocrx_word' id='word_1_50' title='bbox 1523 910 1664 959; x_wconf 91' lang='lat' dir='ltr'>sicut</span> <span class='ocrx_word' id='word_1_51' title='bbox 1695 908 2021 975; x_wconf 91' lang='lat' dir='ltr'>accepimus,</span> <span class='ocrx_word' id='word_1_52' title='bbox 2062 917 2116 956; x_wconf 92' lang='lat' dir='ltr'>et</span> <span class='ocrx_word' id='word_1_53' title='bbox 2145 906 2401 972; x_wconf 89' lang='lat' dir='ltr'>suspecti,</span> 
     </span>
     <span class='ocr_line' id='line_1_8' title="bbox 397 990 2407 1061; baseline -0.003 -15"><span class='ocrx_word' id='word_1_54' title='bbox 397 996 595 1046; x_wconf 87' lang='lat' dir='ltr'>nostris</span> <span class='ocrx_word' id='word_1_55' title='bbox 642 1005 929 1061; x_wconf 90' lang='lat' dir='ltr'>propterea</span> <span class='ocrx_word' id='word_1_56' title='bbox 976 994 1330 1044; x_wconf 85' lang='lat' dir='ltr'>detineantur</span> <span class='ocrx_word' id='word_1_57' title='bbox 1375 994 1678 1044; x_wconf 89' lang='lat' dir='ltr'>carceribus</span> <span class='ocrx_word' id='word_1_58' title='bbox 1724 991 2044 1058; x_wconf 85' lang='lat' dir='ltr'>mancipati,</span> <span class='ocrx_word' id='word_1_59' title='bbox 2063 1009 2160 1041; x_wconf 93' lang='lat' dir='ltr'>nos</span> <span class='ocrx_word' id='word_1_60' title='bbox 2204 990 2407 1055; x_wconf 87' lang='lat' dir='ltr'>inquiri</span> 
     </span>
     <span class='ocr_line' id='line_1_9' title="bbox 393 1074 2405 1145; baseline -0.003 -15"><span class='ocrx_word' id='word_1_61' title='bbox 393 1080 689 1130; x_wconf 87' lang='lat' dir='ltr'>veritatem</span> <span class='ocrx_word' id='word_1_62' title='bbox 736 1097 898 1145; x_wconf 90' lang='lat' dir='ltr'>super</span> <span class='ocrx_word' id='word_1_63' title='bbox 944 1078 1044 1128; x_wconf 92' lang='lat' dir='ltr'>hiis</span> <span class='ocrx_word' id='word_1_64' title='bbox 1092 1079 1338 1128; x_wconf 88' lang='lat' dir='ltr'>volentes</span> <span class='ocrx_word' id='word_1_65' title='bbox 1386 1089 1441 1127; x_wconf 89' lang='lat' dir='ltr'>et</span> <span class='ocrx_word' id='word_1_66' title='bbox 1478 1078 1748 1128; x_wconf 87' lang='lat' dir='ltr'>iustitiam</span> <span class='ocrx_word' id='word_1_67' title='bbox 1795 1076 2053 1135; x_wconf 87' lang='lat' dir='ltr'>exhiberi,</span> <span class='ocrx_word' id='word_1_68' title='bbox 2095 1074 2405 1125; x_wconf 88' lang='lat' dir='ltr'>discretioni</span> 
     </span>
     <span class='ocr_line' id='line_1_10' title="bbox 396 1159 2404 1228; baseline -0.002 -15"><span class='ocrx_word' id='word_1_69' title='bbox 396 1175 556 1214; x_wconf 91' lang='lat' dir='ltr'>tue...</span> <span class='ocrx_word' id='word_1_70' title='bbox 595 1163 993 1213; x_wconf 82' lang='lat' dir='ltr'>committimus</span> <span class='ocrx_word' id='word_1_71' title='bbox 1027 1173 1082 1212; x_wconf 91' lang='lat' dir='ltr'>et</span> <span class='ocrx_word' id='word_1_72' title='bbox 1114 1164 1442 1213; x_wconf 89' lang='lat' dir='ltr'>mandamus</span> <span class='ocrx_word' id='word_1_73' title='bbox 1478 1162 1738 1228; x_wconf 87' lang='lat' dir='ltr'>quatinus</span> <span class='ocrx_word' id='word_1_74' title='bbox 1770 1173 1887 1212; x_wconf 89' lang='lat' dir='ltr'>tam</span> <span class='ocrx_word' id='word_1_75' title='bbox 1921 1179 2043 1210; x_wconf 90' lang='lat' dir='ltr'>cum</span> <span class='ocrx_word' id='word_1_76' title='bbox 2075 1159 2203 1225; x_wconf 90' lang='lat' dir='ltr'>ipsis</span> <span class='ocrx_word' id='word_1_77' title='bbox 2238 1177 2404 1224; x_wconf 89' lang='lat' dir='ltr'>quam</span> 
     </span>
     <span class='ocr_line' id='line_1_11' title="bbox 395 1244 2409 1314; baseline -0.004 -15"><span class='ocrx_word' id='word_1_78' title='bbox 395 1249 546 1309; x_wconf 85' lang='lat' dir='ltr'>alias,</span> <span class='ocrx_word' id='word_1_79' title='bbox 601 1258 766 1314; x_wconf 90' lang='lat' dir='ltr'>prout</span> <span class='ocrx_word' id='word_1_80' title='bbox 817 1248 946 1298; x_wconf 90' lang='lat' dir='ltr'>iuris</span> <span class='ocrx_word' id='word_1_81' title='bbox 997 1259 1052 1296; x_wconf 91' lang='lat' dir='ltr'>et</span> <span class='ocrx_word' id='word_1_82' title='bbox 1102 1248 1330 1297; x_wconf 88' lang='lat' dir='ltr'>rationis</span> <span class='ocrx_word' id='word_1_83' title='bbox 1383 1247 1618 1312; x_wconf 88' lang='lat' dir='ltr'>equitati</span> <span class='ocrx_word' id='word_1_84' title='bbox 1669 1246 1955 1296; x_wconf 89' lang='lat' dir='ltr'>convenire</span> <span class='ocrx_word' id='word_1_85' title='bbox 1998 1244 2213 1304; x_wconf 90' lang='lat' dir='ltr'>videris,</span> <span class='ocrx_word' id='word_1_86' title='bbox 2247 1260 2409 1308; x_wconf 88' lang='lat' dir='ltr'>super</span> 
     </span>
     <span class='ocr_line' id='line_1_12' title="bbox 393 1327 2398 1399; baseline -0.003 -17"><span class='ocrx_word' id='word_1_87' title='bbox 393 1333 667 1399; x_wconf 89' lang='lat' dir='ltr'>premissis</span> <span class='ocrx_word' id='word_1_88' title='bbox 711 1343 766 1382; x_wconf 90' lang='lat' dir='ltr'>et</span> <span class='ocrx_word' id='word_1_89' title='bbox 809 1351 870 1383; x_wconf 90' lang='lat' dir='ltr'>ea</span> <span class='ocrx_word' id='word_1_90' title='bbox 913 1332 1271 1397; x_wconf 82' lang='lat' dir='ltr'>tangentibus</span> <span class='ocrx_word' id='word_1_91' title='bbox 1315 1332 1501 1382; x_wconf 89' lang='lat' dir='ltr'>solerti</span> <span class='ocrx_word' id='word_1_92' title='bbox 1542 1342 1596 1381; x_wconf 91' lang='lat' dir='ltr'>et</span> <span class='ocrx_word' id='word_1_93' title='bbox 1642 1331 1787 1381; x_wconf 86' lang='lat' dir='ltr'>fideli</span> <span class='ocrx_word' id='word_1_94' title='bbox 1828 1329 2076 1381; x_wconf 90' lang='lat' dir='ltr'>adhibita</span> <span class='ocrx_word' id='word_1_95' title='bbox 2121 1327 2398 1391; x_wconf 84' lang='lat' dir='ltr'>diligentia</span> 
     </span>
     <span class='ocr_line' id='line_1_13' title="bbox 392 1412 2400 1483; baseline -0.003 -16"><span class='ocrx_word' id='word_1_96' title='bbox 392 1418 687 1472; x_wconf 80' lang='lat' dir='ltr'>veritatem</span> <span class='ocrx_word' id='word_1_97' title='bbox 730 1418 1007 1483; x_wconf 90' lang='lat' dir='ltr'>inquirens</span> <span class='ocrx_word' id='word_1_98' title='bbox 1052 1417 1306 1467; x_wconf 85' lang='lat' dir='ltr'>exhibere</span> <span class='ocrx_word' id='word_1_99' title='bbox 1351 1417 1508 1467; x_wconf 86' lang='lat' dir='ltr'>iuxta</span> <span class='ocrx_word' id='word_1_100' title='bbox 1554 1416 1748 1466; x_wconf 84' lang='lat' dir='ltr'>merita</span> <span class='ocrx_word' id='word_1_101' title='bbox 1792 1416 1879 1465; x_wconf 91' lang='lat' dir='ltr'>vel</span> <span class='ocrx_word' id='word_1_102' title='bbox 1922 1413 2184 1465; x_wconf 91' lang='lat' dir='ltr'>demerita</span> <span class='ocrx_word' id='word_1_103' title='bbox 2229 1412 2400 1461; x_wconf 92' lang='lat' dir='ltr'>dicto-</span> 
     </span>
     <span class='ocr_line' id='line_1_14' title="bbox 391 1495 2405 1567; baseline -0.003 -15"><span class='ocrx_word' id='word_1_104' title='bbox 391 1521 513 1552; x_wconf 88' lang='lat' dir='ltr'>rum</span> <span class='ocrx_word' id='word_1_105' title='bbox 565 1503 712 1553; x_wconf 90' lang='lat' dir='ltr'>Petri</span> <span class='ocrx_word' id='word_1_106' title='bbox 761 1513 816 1552; x_wconf 91' lang='lat' dir='ltr'>et</span> <span class='ocrx_word' id='word_1_107' title='bbox 866 1503 1133 1553; x_wconf 73' lang='lat' dir='ltr'>,Johannis</span> <span class='ocrx_word' id='word_1_108' title='bbox 1184 1513 1238 1551; x_wconf 89' lang='lat' dir='ltr'>et</span> <span class='ocrx_word' id='word_1_109' title='bbox 1288 1501 1578 1552; x_wconf 89' lang='lat' dir='ltr'>cuiuslibet</span> <span class='ocrx_word' id='word_1_110' title='bbox 1626 1501 1870 1567; x_wconf 90' lang='lat' dir='ltr'>ipsorum</span> <span class='ocrx_word' id='word_1_111' title='bbox 1914 1499 2136 1549; x_wconf 88' lang='lat' dir='ltr'>studeas</span> <span class='ocrx_word' id='word_1_112' title='bbox 2183 1495 2405 1547; x_wconf 88' lang='lat' dir='ltr'>iusticie</span> 
     </span>
     <span class='ocr_line' id='line_1_15' title="bbox 393 1582 2406 1653; baseline -0.003 -17"><span class='ocrx_word' id='word_1_113' title='bbox 393 1588 874 1653; x_wconf 88' lang='lat' dir='ltr'>complementum.</span> <span class='ocrx_word' id='word_1_114' title='bbox 914 1587 1497 1646; x_wconf 84' lang='lat' dir='ltr'>Contradictores‚etc.</span> <span class='ocrx_word' id='word_1_115' title='bbox 1540 1587 1662 1636; x_wconf 91' lang='lat' dir='ltr'>Non</span> <span class='ocrx_word' id='word_1_116' title='bbox 1701 1587 1956 1635; x_wconf 90' lang='lat' dir='ltr'>obstante</span> <span class='ocrx_word' id='word_1_117' title='bbox 1993 1585 2149 1646; x_wconf 78' lang='lat' dir='ltr'>[etc.].</span> <span class='ocrx_word' id='word_1_118' title='bbox 2189 1611 2258 1616; x_wconf 94' lang='lat'>—-</span> <span class='ocrx_word' id='word_1_119' title='bbox 2297 1582 2406 1630; x_wconf 92' lang='lat' dir='ltr'>Da-</span> 
     </span>
     <span class='ocr_line' id='line_1_16' title="bbox 395 1669 1950 1735; baseline -0.001 -15"><span class='ocrx_word' id='word_1_120' title='bbox 395 1681 515 1721; x_wconf 89' lang='lat' dir='ltr'>tum</span> <span class='ocrx_word' id='word_1_121' title='bbox 552 1671 827 1735; x_wconf 89' lang='lat' dir='ltr'>Avinioni,</span> <span class='ocrx_word' id='word_1_122' title='bbox 865 1692 940 1722; x_wconf 86' lang='lat' dir='ltr'>xv</span> <span class='ocrx_word' id='word_1_123' title='bbox 976 1672 1235 1723; x_wconf 88' lang='lat' dir='ltr'>kalendas</span> <span class='ocrx_word' id='word_1_124' title='bbox 1272 1671 1549 1733; x_wconf 86' lang='lat' dir='ltr'>februarii,</span> <span class='ocrx_word' id='word_1_125' title='bbox 1587 1689 1728 1721; x_wconf 90' lang='lat' dir='ltr'>anno</span> <span class='ocrx_word' id='word_1_126' title='bbox 1764 1669 1950 1719; x_wconf 88' lang='lat' dir='ltr'>tercio.</span> 
     </span>
    </p>
   </div>
   <div class='ocr_carea' id='block_1_3' title="bbox 447 1827 1981 1951">
    <p class='ocr_par' dir='ltr' id='par_1_3' title="bbox 447 1827 1981 1951">
     <span class='ocr_line' id='line_1_17' title="bbox 447 1827 924 1880; baseline 0.002 -13"><span class='ocrx_word' id='word_1_127' title='bbox 447 1827 487 1867; x_wconf 92' lang='lat'>1.</span> <span class='ocrx_word' id='word_1_128' title='bbox 523 1827 578 1868; x_wconf 88' lang='lat' dir='ltr'>N.</span> <span class='ocrx_word' id='word_1_129' title='bbox 611 1827 712 1880; x_wconf 90' lang='lat'>150,</span> <span class='ocrx_word' id='word_1_130' title='bbox 745 1834 852 1868; x_wconf 86' lang='lat' dir='ltr'>note</span> <span class='ocrx_word' id='word_1_131' title='bbox 883 1829 924 1868; x_wconf 91' lang='lat'>3.</span> 
     </span>
     <span class='ocr_line' id='line_1_18' title="bbox 451 1895 1981 1951; baseline -0.001 -14"><span class='ocrx_word' id='word_1_132' title='bbox 451 1898 491 1938; x_wconf 83' lang='lat'>2.</span> <span class='ocrx_word' id='word_1_133' title='bbox 525 1897 711 1938; x_wconf 82' lang='lat' dir='ltr'>Canarie</span> <span class='ocrx_word' id='word_1_134' title='bbox 743 1897 819 1951; x_wconf 84' lang='lat'>(?),</span> <span class='ocrx_word' id='word_1_135' title='bbox 851 1898 1285 1951; x_wconf 78' lang='lat' dir='ltr'>Hautes-Pyrenees,</span> <span class='ocrx_word' id='word_1_136' title='bbox 1315 1912 1428 1938; x_wconf 90' lang='lat' dir='ltr'>com.</span> <span class='ocrx_word' id='word_1_137' title='bbox 1458 1895 1981 1950; x_wconf 72' lang='lat' dir='ltr'>d’Argeles-de-Bigorre.</span> 
     </span>
    </p>
   </div>
   <div class='ocr_carea' id='block_1_4' title="bbox 1234 2320 1563 2379">
    <p class='ocr_par' dir='ltr' id='par_1_4' title="bbox 1234 2320 1563 2379">
     <span class='ocr_line' id='line_1_19' title="bbox 1234 2320 1563 2379; baseline -0.003 0"><span class='ocrx_word' id='word_1_138' title='bbox 1234 2320 1563 2379; x_wconf 84' lang='lat'><strong>—162—</strong></span> 
     </span>
    </p>
   </div>
   <div class='ocr_carea' id='block_1_5' title="bbox 397 2503 2410 2658">
    <p class='ocr_par' dir='ltr' id='par_1_5' title="bbox 397 2503 2410 2658">
     <span class='ocr_line' id='line_1_20' title="bbox 467 2503 2405 2574; baseline -0.005 -15"><span class='ocrx_word' id='word_1_139' title='bbox 467 2510 539 2560; x_wconf 86' lang='lat' dir='ltr'>Le</span> <span class='ocrx_word' id='word_1_140' title='bbox 575 2526 712 2574; x_wconf 85' lang='lat' dir='ltr'>pape</span> <span class='ocrx_word' id='word_1_141' title='bbox 748 2507 912 2573; x_wconf 81' lang='lat' dir='ltr'>confte</span> <span class='ocrx_word' id='word_1_142' title='bbox 948 2511 980 2557; x_wconf 86' lang='grc' dir='ltr'><em>ὰ</em></span> <span class='ocrx_word' id='word_1_143' title='bbox 1018 2507 1231 2572; x_wconf 77' lang='lat' dir='ltr'>Aymon</span> <span class='ocrx_word' id='word_1_144' title='bbox 1258 2506 1317 2555; x_wconf 85' lang='lat' dir='ltr'>de</span> <span class='ocrx_word' id='word_1_145' title='bbox 1352 2507 1630 2568; x_wconf 83' lang='lat' dir='ltr'>Caumont,</span> <span class='ocrx_word' id='word_1_146' title='bbox 1664 2505 1724 2556; x_wconf 82' lang='lat' dir='ltr'>de</span> <span class='ocrx_word' id='word_1_147' title='bbox 1759 2504 1943 2556; x_wconf 84' lang='lat' dir='ltr'>l&#39;ordre</span> <span class='ocrx_word' id='word_1_148' title='bbox 1979 2504 2064 2554; x_wconf 82' lang='lat' dir='ltr'>des</span> <span class='ocrx_word' id='word_1_149' title='bbox 2101 2503 2257 2568; x_wconf 63' lang='lat' dir='ltr'>freres</span> <span class='ocrx_word' id='word_1_150' title='bbox 2294 2503 2405 2568; x_wconf 79' lang='grc' dir='ltr'>ρνέ-</span> 
     </span>
     <span class='ocr_line' id='line_1_21' title="bbox 397 2586 2410 2658; baseline -0.003 -16"><span class='ocrx_word' id='word_1_151' title='bbox 397 2594 596 2652; x_wconf 79' lang='lat' dir='ltr'>cheurs,</span> <span class='ocrx_word' id='word_1_152' title='bbox 628 2592 680 2641; x_wconf 87' lang='lat' dir='ltr'>la</span> <span class='ocrx_word' id='word_1_153' title='bbox 707 2592 892 2656; x_wconf 83' lang='lat' dir='ltr'>charge</span> <span class='ocrx_word' id='word_1_154' title='bbox 919 2591 1297 2658; x_wconf 79' lang='lat' dir='ltr'>d’inquisiteur</span> <span class='ocrx_word' id='word_1_155' title='bbox 1327 2591 1387 2640; x_wconf 85' lang='lat' dir='ltr'>de</span> <span class='ocrx_word' id='word_1_156' title='bbox 1416 2592 1872 2642; x_wconf 82' lang='lat' dir='ltr'>Carcassonne.—</span> <span class='ocrx_word' id='word_1_157' title='bbox 1897 2588 2167 2653; x_wconf 85' lang='lat' dir='ltr'>Avignon,</span> <span class='ocrx_word' id='word_1_158' title='bbox 2198 2587 2263 2637; x_wconf 83' lang='lat'>20</span> <span class='ocrx_word' id='word_1_159' title='bbox 2291 2586 2410 2652; x_wconf 87' lang='lat' dir='ltr'>jan-</span> 
     </span>
    </p>
   </div>
   <div class='ocr_carea' id='block_1_6' title="bbox 400 2679 699 2729">
    <p class='ocr_par' dir='ltr' id='par_1_6' title="bbox 400 2679 699 2729">
     <span class='ocr_line' id='line_1_22' title="bbox 400 2679 699 2729; baseline 0 -1"><span class='ocrx_word' id='word_1_160' title='bbox 400 2679 515 2728; x_wconf 91' lang='lat' dir='ltr'>vier</span> <span class='ocrx_word' id='word_1_161' title='bbox 550 2679 699 2729; x_wconf 88' lang='grc'><strong>1337.</strong></span> 
     </span>
    </p>
   </div>
   <div class='ocr_carea' id='block_1_7' title="bbox 741 2809 2062 2864">
    <p class='ocr_par' dir='ltr' id='par_1_7' title="bbox 741 2809 2062 2864">
     <span class='ocr_line' id='line_1_23' title="bbox 741 2809 2062 2864; baseline -0.002 -12"><span class='ocrx_word' id='word_1_162' title='bbox 741 2811 847 2864; x_wconf 81' lang='lat' dir='ltr'>Reg.</span> <span class='ocrx_word' id='word_1_163' title='bbox 872 2810 1028 2864; x_wconf 60' lang='lat' dir='ltr'>Auen„</span> <span class='ocrx_word' id='word_1_164' title='bbox 1053 2817 1086 2851; x_wconf 88' lang='lat' dir='ltr'>t.</span> <span class='ocrx_word' id='word_1_165' title='bbox 1113 2825 1173 2863; x_wconf 64' lang='grc' dir='ltr'>ιι,</span> <span class='ocrx_word' id='word_1_166' title='bbox 1198 2810 1274 2852; x_wconf 83' lang='lat' dir='ltr'>fol.</span> <span class='ocrx_word' id='word_1_167' title='bbox 1300 2811 1376 2860; x_wconf 87' lang='lat'>40;</span> <span class='ocrx_word' id='word_1_168' title='bbox 1401 2810 1506 2863; x_wconf 78' lang='lat' dir='ltr'>Reg.</span> <span class='ocrx_word' id='word_1_169' title='bbox 1537 2809 1652 2862; x_wconf 56' lang='lat' dir='ltr'>Vah,</span> <span class='ocrx_word' id='word_1_170' title='bbox 1676 2816 1710 2850; x_wconf 86' lang='lat' dir='ltr'>t.</span> <span class='ocrx_word' id='word_1_171' title='bbox 1737 2823 1899 2862; x_wconf 78' lang='lat' dir='ltr'>cxxlv,</span> <span class='ocrx_word' id='word_1_172' title='bbox 1923 2823 1967 2850; x_wconf 89' lang='lat' dir='ltr'>n.</span> <span class='ocrx_word' id='word_1_173' title='bbox 1993 2809 2062 2849; x_wconf 88' lang='grc'>54.</span> 
     </span>
    </p>
   </div>
   <div class='ocr_carea' id='block_1_8' title="bbox 391 2927 2404 3840">
    <p class='ocr_par' dir='ltr' id='par_1_8' title="bbox 391 2927 2404 3840">
     <span class='ocr_line' id='line_1_24' title="bbox 467 2927 2403 2997; baseline -0.002 -17"><span class='ocrx_word' id='word_1_174' title='bbox 467 2932 679 2981; x_wconf 91' lang='lat' dir='ltr'>Dilecto</span> <span class='ocrx_word' id='word_1_175' title='bbox 724 2931 832 2981; x_wconf 89' lang='lat' dir='ltr'>filio</span> <span class='ocrx_word' id='word_1_176' title='bbox 874 2930 1113 2997; x_wconf 90' lang='lat' dir='ltr'>Aymoni</span> <span class='ocrx_word' id='word_1_177' title='bbox 1152 2932 1216 2980; x_wconf 92' lang='lat' dir='ltr'>de</span> <span class='ocrx_word' id='word_1_178' title='bbox 1255 2931 1614 2981; x_wconf 89' lang='lat' dir='ltr'>Calvomonte</span> <span class='ocrx_word' id='word_1_179' title='bbox 1639 2929 1675 2991; x_wconf 80' lang='lat'>1,</span> <span class='ocrx_word' id='word_1_180' title='bbox 1718 2929 1917 2979; x_wconf 91' lang='lat' dir='ltr'>ordinis</span> <span class='ocrx_word' id='word_1_181' title='bbox 1955 2929 2189 2979; x_wconf 87' lang='lat' dir='ltr'>fratrum</span> <span class='ocrx_word' id='word_1_182' title='bbox 2230 2927 2403 2994; x_wconf 90' lang='lat' dir='ltr'>predi-</span> 
     </span>
     <span class='ocr_line' id='line_1_25' title="bbox 399 3011 2399 3079; baseline -0.001 -16"><span class='ocrx_word' id='word_1_183' title='bbox 399 3027 668 3078; x_wconf 83' lang='lat' dir='ltr'>catorum,</span> <span class='ocrx_word' id='word_1_184' title='bbox 713 3016 966 3066; x_wconf 89' lang='lat' dir='ltr'>salutem.</span> <span class='ocrx_word' id='word_1_185' title='bbox 1011 3045 1079 3050; x_wconf 94' lang='lat'>——</span> <span class='ocrx_word' id='word_1_186' title='bbox 1121 3015 1272 3064; x_wconf 85' lang='lat' dir='ltr'>Licet</span> <span class='ocrx_word' id='word_1_187' title='bbox 1314 3014 1544 3064; x_wconf 90' lang='lat' dir='ltr'>ubilibet</span> <span class='ocrx_word' id='word_1_188' title='bbox 1588 3014 1736 3064; x_wconf 85' lang='lat' dir='ltr'>Sedis</span> <span class='ocrx_word' id='word_1_189' title='bbox 1781 3013 2075 3079; x_wconf 92' lang='lat' dir='ltr'>apostolice</span> <span class='ocrx_word' id='word_1_190' title='bbox 2119 3011 2399 3077; x_wconf 83' lang='lat' dir='ltr'>diligencia</span> 
     </span>
     <span class='ocr_line' id='line_1_26' title="bbox 396 3096 2397 3164; baseline -0.003 -14"><span class='ocrx_word' id='word_1_191' title='bbox 396 3101 657 3150; x_wconf 89' lang='lat' dir='ltr'>adversus</span> <span class='ocrx_word' id='word_1_192' title='bbox 716 3099 949 3148; x_wconf 89' lang='lat' dir='ltr'>heretice</span> <span class='ocrx_word' id='word_1_193' title='bbox 1008 3100 1301 3164; x_wconf 88' lang='lat' dir='ltr'>pravitatis</span> <span class='ocrx_word' id='word_1_194' title='bbox 1360 3099 1481 3149; x_wconf 91' lang='lat' dir='ltr'>labe</span> <span class='ocrx_word' id='word_1_195' title='bbox 1538 3116 1808 3164; x_wconf 89' lang='lat' dir='ltr'>respersos</span> <span class='ocrx_word' id='word_1_196' title='bbox 1868 3116 2100 3162; x_wconf 90' lang='lat' dir='ltr'>quorum</span> <span class='ocrx_word' id='word_1_197' title='bbox 2158 3096 2397 3161; x_wconf 87' lang='lat' dir='ltr'>nequitia</span> 
     </span>
     <span class='ocr_line' id='line_1_27' title="bbox 394 3181 2403 3250; baseline -0.002 -17"><span class='ocrx_word' id='word_1_198' title='bbox 394 3185 564 3250; x_wconf 89' lang='lat' dir='ltr'>serpit</span> <span class='ocrx_word' id='word_1_199' title='bbox 601 3195 661 3233; x_wconf 92' lang='lat' dir='ltr'>ut</span> <span class='ocrx_word' id='word_1_200' title='bbox 697 3202 906 3247; x_wconf 83' lang='lat' dir='ltr'>cancer,</span> <span class='ocrx_word' id='word_1_201' title='bbox 944 3202 1009 3233; x_wconf 93' lang='lat' dir='ltr'>ne</span> <span class='ocrx_word' id='word_1_202' title='bbox 1045 3183 1099 3233; x_wconf 91' lang='lat' dir='ltr'>in</span> <span class='ocrx_word' id='word_1_203' title='bbox 1118 3183 1349 3234; x_wconf 90' lang='lat' dir='ltr'>aliorum</span> <span class='ocrx_word' id='word_1_204' title='bbox 1387 3183 1673 3249; x_wconf 90' lang='lat' dir='ltr'>pernitiem</span> <span class='ocrx_word' id='word_1_205' title='bbox 1710 3201 1805 3232; x_wconf 92' lang='lat' dir='ltr'>sua</span> <span class='ocrx_word' id='word_1_206' title='bbox 1841 3199 2051 3232; x_wconf 88' lang='lat' dir='ltr'>venena</span> <span class='ocrx_word' id='word_1_207' title='bbox 2070 3181 2403 3240; x_wconf 83' lang='lat' dir='ltr'>diffundant,</span> 
     </span>
     <span class='ocr_line' id='line_1_28' title="bbox 391 3267 2404 3333; baseline -0.001 -16"><span class='ocrx_word' id='word_1_208' title='bbox 391 3268 692 3318; x_wconf 89' lang='lat' dir='ltr'>remedium</span> <span class='ocrx_word' id='word_1_209' title='bbox 736 3267 970 3318; x_wconf 78' lang='lat' dir='ltr'>libenter</span> <span class='ocrx_word' id='word_1_210' title='bbox 1014 3267 1278 3318; x_wconf 90' lang='lat' dir='ltr'>adhibeat</span> <span class='ocrx_word' id='word_1_211' title='bbox 1322 3278 1674 3333; x_wconf 86' lang='lat' dir='ltr'>oportunum,</span> <span class='ocrx_word' id='word_1_212' title='bbox 1719 3267 1773 3316; x_wconf 93' lang='lat' dir='ltr'>in</span> <span class='ocrx_word' id='word_1_213' title='bbox 1802 3267 2187 3317; x_wconf 89' lang='lat' dir='ltr'>Carcassonen.</span> <span class='ocrx_word' id='word_1_214' title='bbox 2221 3276 2404 3315; x_wconf 85' lang='lat' dir='ltr'>tamen</span> 
     </span>
     <span class='ocr_line' id='line_1_29' title="bbox 394 3350 2403 3418; baseline -0.001 -17"><span class='ocrx_word' id='word_1_215' title='bbox 394 3353 619 3403; x_wconf 83' lang='lat' dir='ltr'>civitate</span> <span class='ocrx_word' id='word_1_216' title='bbox 655 3364 710 3401; x_wconf 90' lang='lat' dir='ltr'>et</span> <span class='ocrx_word' id='word_1_217' title='bbox 744 3354 945 3403; x_wconf 90' lang='lat' dir='ltr'>diocesi</span> <span class='ocrx_word' id='word_1_218' title='bbox 979 3353 1205 3418; x_wconf 90' lang='lat' dir='ltr'>aliisque</span> <span class='ocrx_word' id='word_1_219' title='bbox 1239 3352 1558 3402; x_wconf 88' lang='lat' dir='ltr'>civitatibus</span> <span class='ocrx_word' id='word_1_220' title='bbox 1593 3363 1647 3400; x_wconf 90' lang='lat' dir='ltr'>et</span> <span class='ocrx_word' id='word_1_221' title='bbox 1681 3351 2001 3411; x_wconf 89' lang='lat' dir='ltr'>diocesibus,</span> <span class='ocrx_word' id='word_1_222' title='bbox 2022 3350 2228 3411; x_wconf 90' lang='lat' dir='ltr'>castris,</span> <span class='ocrx_word' id='word_1_223' title='bbox 2250 3350 2403 3410; x_wconf 91' lang='lat' dir='ltr'>villis,</span> 
     </span>
     <span class='ocr_line' id='line_1_30' title="bbox 391 3434 2403 3502; baseline -0.001 -17"><span class='ocrx_word' id='word_1_224' title='bbox 391 3437 521 3486; x_wconf 89' lang='lat' dir='ltr'>locis</span> <span class='ocrx_word' id='word_1_225' title='bbox 568 3448 625 3486; x_wconf 91' lang='lat' dir='ltr'>et</span> <span class='ocrx_word' id='word_1_226' title='bbox 670 3438 915 3488; x_wconf 90' lang='lat' dir='ltr'>terminis</span> <span class='ocrx_word' id='word_1_227' title='bbox 962 3438 1103 3488; x_wconf 87' lang='lat' dir='ltr'>infra</span> <span class='ocrx_word' id='word_1_228' title='bbox 1150 3456 1376 3502; x_wconf 88' lang='lat' dir='ltr'>regnum</span> <span class='ocrx_word' id='word_1_229' title='bbox 1426 3437 1649 3487; x_wconf 89' lang='lat' dir='ltr'>Francie</span> <span class='ocrx_word' id='word_1_230' title='bbox 1712 3434 2028 3485; x_wconf 88' lang='lat' dir='ltr'>constitutis</span> <span class='ocrx_word' id='word_1_231' title='bbox 2090 3435 2143 3483; x_wconf 94' lang='lat' dir='ltr'>in</span> <span class='ocrx_word' id='word_1_232' title='bbox 2211 3434 2403 3499; x_wconf 90' lang='lat' dir='ltr'>quibus</span> 
     </span>
     <span class='ocr_line' id='line_1_31' title="bbox 392 3518 2402 3588; baseline -0.001 -19"><span class='ocrx_word' id='word_1_233' title='bbox 392 3519 743 3585; x_wconf 88' lang='lat' dir='ltr'>inquisitores</span> <span class='ocrx_word' id='word_1_234' title='bbox 790 3522 1083 3588; x_wconf 85' lang='lat' dir='ltr'>pravitatis</span> <span class='ocrx_word' id='word_1_235' title='bbox 1130 3522 1370 3588; x_wconf 89' lang='lat' dir='ltr'>predicte</span> <span class='ocrx_word' id='word_1_236' title='bbox 1394 3523 1721 3572; x_wconf 87' lang='lat' dir='ltr'>Carcassone</span> <span class='ocrx_word' id='word_1_237' title='bbox 1769 3519 2130 3569; x_wconf 91' lang='lat' dir='ltr'>communiter</span> <span class='ocrx_word' id='word_1_238' title='bbox 2174 3518 2402 3568; x_wconf 89' lang='lat' dir='ltr'>residen-</span> 
     </span>
     <span class='ocr_line' id='line_1_32' title="bbox 392 3600 2402 3672; baseline -0.001 -20"><span class='ocrx_word' id='word_1_239' title='bbox 392 3614 474 3654; x_wconf 85' lang='lat' dir='ltr'>tes</span> <span class='ocrx_word' id='word_1_240' title='bbox 514 3617 916 3656; x_wconf 86' lang='lat' dir='ltr'>consueverunt</span> <span class='ocrx_word' id='word_1_241' title='bbox 955 3625 1047 3656; x_wconf 90' lang='lat' dir='ltr'>seu</span> <span class='ocrx_word' id='word_1_242' title='bbox 1085 3616 1385 3672; x_wconf 86' lang='lat' dir='ltr'>potuerunt</span> <span class='ocrx_word' id='word_1_243' title='bbox 1404 3624 1564 3671; x_wconf 92' lang='lat' dir='ltr'>super</span> <span class='ocrx_word' id='word_1_244' title='bbox 1590 3605 1865 3670; x_wconf 82' lang='lat' dir='ltr'>pravitate</span> <span class='ocrx_word' id='word_1_245' title='bbox 1904 3602 2147 3668; x_wconf 86' lang='lat' dir='ltr'>predicta</span> <span class='ocrx_word' id='word_1_246' title='bbox 2185 3600 2402 3667; x_wconf 91' lang='lat' dir='ltr'>inquisi-</span> 
     </span>
     <span class='ocr_line' id='line_1_33' title="bbox 392 3685 2401 3756; baseline -0.001 -20"><span class='ocrx_word' id='word_1_247' title='bbox 392 3688 555 3738; x_wconf 85' lang='lat' dir='ltr'>tionis</span> <span class='ocrx_word' id='word_1_248' title='bbox 603 3690 841 3739; x_wconf 86' lang='lat' dir='ltr'>officium</span> <span class='ocrx_word' id='word_1_249' title='bbox 887 3709 1151 3752; x_wconf 87' lang='lat' dir='ltr'>exercere,</span> <span class='ocrx_word' id='word_1_250' title='bbox 1200 3692 1263 3740; x_wconf 93' lang='lat' dir='ltr'>de</span> <span class='ocrx_word' id='word_1_251' title='bbox 1309 3690 1556 3756; x_wconf 87' lang='lat' dir='ltr'>specialis</span> <span class='ocrx_word' id='word_1_252' title='bbox 1589 3688 1944 3753; x_wconf 88' lang='lat' dir='ltr'>benignitatis</span> <span class='ocrx_word' id='word_1_253' title='bbox 1991 3687 2194 3737; x_wconf 82' lang='lat' dir='ltr'>affectu</span> <span class='ocrx_word' id='word_1_254' title='bbox 2240 3685 2401 3751; x_wconf 90' lang='lat' dir='ltr'>preci-</span> 
     </span>
     <span class='ocr_line' id='line_1_34' title="bbox 396 3769 2402 3840; baseline -0.001 -20"><span class='ocrx_word' id='word_1_255' title='bbox 396 3790 498 3837; x_wconf 90' lang='lat' dir='ltr'>pue</span> <span class='ocrx_word' id='word_1_256' title='bbox 541 3773 788 3838; x_wconf 89' lang='lat' dir='ltr'>cupimus</span> <span class='ocrx_word' id='word_1_257' title='bbox 830 3785 892 3824; x_wconf 88' lang='lat' dir='ltr'>ut</span> <span class='ocrx_word' id='word_1_258' title='bbox 931 3774 1216 3839; x_wconf 90' lang='lat' dir='ltr'>negocium</span> <span class='ocrx_word' id='word_1_259' title='bbox 1262 3775 1387 3824; x_wconf 87' lang='lat' dir='ltr'>fidei</span> <span class='ocrx_word' id='word_1_260' title='bbox 1426 3774 1536 3840; x_wconf 88' lang='lat' dir='ltr'>iugi</span> <span class='ocrx_word' id='word_1_261' title='bbox 1577 3774 1825 3840; x_wconf 83' lang='lat' dir='ltr'>profectu</span> <span class='ocrx_word' id='word_1_262' title='bbox 1878 3769 2018 3820; x_wconf 90' lang='lat' dir='ltr'>elisis</span> <span class='ocrx_word' id='word_1_263' title='bbox 2075 3771 2292 3820; x_wconf 91' lang='lat' dir='ltr'>omnino</span> <span class='ocrx_word' id='word_1_264' title='bbox 2349 3779 2402 3818; x_wconf 88' lang='lat' dir='ltr'>et</span> 
     </span>
    </p>
   </div>
  </div>
 </body>
</html>
