2540 4354
481 371 583 424 456
870 388 1155 421 suttune
1199 389 1273 421 DE
1317 368 1733 432 ιἰΝρυιειτιοΝ
1777 392 2100 437 rnAneAlsn

1315 571 1540 629 —321
1585 606 1659 613 ——-

558 736 797 785 Bernard
841 735 1142 799 Bosquarel,
1194 737 1375 783 maitre
1418 754 1482 784 en
1525 736 1789 800 theologie,
1837 739 2046 787 succede
2089 742 2121 786 ὰ
2166 740 2386 803 Hugues
2429 743 2486 792 de

489 820 716 879 Verdun,
764 818 1222 878 demissionnaire,
1271 820 1403 868 dans
1449 820 1501 868 la
1544 820 1728 884 charge
1772 820 2147 886 d’inquisiteur
2190 824 2249 873 de
2301 825 2482 875 Gasco·

480 922 574 968 gne
609 914 653 952 et
689 903 747 952 de
784 903 1112 967 Languedoc.
1154 903 1400 952 For-mule
1436 904 1507 953 dn
1541 915 1763 954 serment
1811 904 1942 970 qu'il
1989 907 2144 956 deora
2192 911 2371 973 preter.
2421 938 2487 948 -—

476 987 748 1052 Avignon,
798 988 863 1037 27
913 988 1136 1036 octobre
1188 986 1336 1037 1386.

822 1123 926 1175 Reg.
957 1122 1112 1174 Aven„
1144 1129 1176 1164 t.
1197 1136 1359 1168 CCva‚
1379 1123 1455 1163 fol.
1486 1123 1583 1166 484.

551 1243 761 1294 Dilecto
807 1242 915 1292 filio
957 1243 1233 1293 Bernardo
1274 1244 1675 1308 Bosquarelli1‚
1717 1245 1918 1299 ordinis
1961 1248 2195 1298 fratrum
2249 1251 2485 1315 predica-

478 1341 662 1379 torum
696 1327 1006 1394 professori,
1044 1327 1304 1392 magistro
1338 1326 1392 1378 in
1427 1329 1719 1395 theologia,
1755 1329 2067 1395 inquisitori
2100 1333 2334 1384 heretice
2369 1355 2484 1401 pra·

478 1412 670 1464 vitatis
717 1411 771 1462 in
819 1412 1083 1463 Vasconie
1128 1422 1184 1461 et
1230 1412 1458 1464 Oceanis
1505 1432 1566 1462 ac
1611 1412 1726 1466 aliis
1774 1414 2021 1480 partibus
2067 1418 2219 1482 regni
2265 1419 2482 1470 Francie

478 1497 812 1549 auctoritate
852 1496 1153 1563 apostolica
1194 1498 1482 1562 deputam,
1523 1499 1775 1559 salutem,
1817 1510 1920 1550 etc.
1963 1529 2031 1536 —
2069 1501 2218 1551 Licet
2259 1503 2484 1554 ubilibet

483 1584 609 1648 [etc.‚
640 1601 832 1631 comme
861 1581 1132 1642 ci-dessus,
1168 1601 1216 1630 n.
1250 1579 1365 1642 183,
1396 1580 1632 1650 ]ἰι.ς(]ιι’ἀ]
1663 1594 1725 1632 ut
1753 1582 1806 1635 in
1839 1584 2099 1635 Vasconic
2129 1597 2184 1635 et
2214 1587 2483 1641 Occitanis

478 1687 538 1717 ae
572 1666 686 1718 aliis
722 1664 970 1732 partibvs
1004 1665 1058 1716 in
1088 1684 1253 1730 regno
1291 1665 1511 1717 Francie
1547 1666 1862 1718 constitutis
1894 1668 2177 1733 negotium
2213 1670 2337 1720 fidei
2380 1670 2486 1737 iugi

479 1752 728 1818 profectu
752 1748 906 1817 [etc.].
930 1752 1064 1801 Cum
1082 1749 1269 1815 itaque
1298 1769 1470 1816 nuper
1496 1751 1728 1801 dilectus
1751 1751 1891 1802 filius
1915 1754 2072 1818 Hugo
2091 1756 2155 1804 de
2178 1756 2427 1808 Verduno
2447 1756 2486 1818 ²,

478 1843 680 1895 ordinis
725 1842 961 1892 fratrum
1005 1841 1414 1907 predicatorum
1459 1842 1749 1908 professor,
1795 1853 1928 1894 tunc
1970 1844 2025 1896 in
2068 1844 2324 1911 predictis
2368 1867 2484 1913 par·

478 1928 627 1979 tibus
691 1926 984 1992 inquisitor
1049 1926 1343 1992 pravitatis
1410 1925 1725 1978 huiusmodi
1788 1929 2122 1980 auctoritate
2188 1930 2480 1996 apostolica

488 2015 809 2078 deputatus,
853 2009 1092 2061 officium
1140 2009 1514 2077 Inquisitionis
1558 2012 1871 2064 huiusmodi
1911 2032 2005 2079 per
2032 2014 2293 2066 dilectum
2316 2014 2482 2068 filium

487 2099 883 2164 Raymundum
931 2096 1193 2160 HugoniS,
1240 2098 1600 2163 professorem
1643 2095 1777 2147 dicti
1819 2098 2020 2150 ordinis
2063 2109 2118 2149 et
2159 2099 2480 2166 penitentia-

479 2183 620 2234 rium
661 2192 931 2240 nostrum,
974 2191 1382 2247 procuratorem
1424 2201 1583 2232 suum
1625 2183 1693 2232 ad
1726 2183 1826 2232 hoc
1879 2182 2183 2249 specialiter
2224 2185 2479 2236 constitu·

481 2279 621 2329 tum,
657 2265 751 2333 qui
783 2267 849 2316 de
879 2264 1099 2317 licentia
1134 2265 1217 2315 sui
1249 2265 1543 2332 superioris
1577 2283 1709 2315 onus
1744 2266 2149 2332 procurationis
2167 2268 2480 2322 huiusmodi

480 2360 820 2418 susceperat,
857 2349 911 2401 in
948 2350 1203 2400 manibus
1239 2349 1429 2400 dilecti
1464 2349 1561 2400 filii
1592 2350 1770 2401 nostri
1805 2351 2004 2402 Amelii
2030 2351 2064 2413 3,
2113 2352 2265 2403 tituli
2308 2352 2480 2404 saneti

487 2435 710 2487 Eusebii
749 2432 1045 2502 presbiteri
1086 2434 1399 2494 cardinalis,
1439 2434 1661 2485 duxerit
1679 2434 1845 2484 libere
1862 2435 2280 2500 resignandun13
2316 2437 2478 2490 idem·

483 2541 587 2588 que
629 2518 922 2572 cardinalis
962 2522 1026 2571 de
1069 2518 1294 2585 speciali
1333 2521 1597 2570 mandato
1639 2531 1829 2570 nostro
1871 2521 2018 2571 facto
2060 2521 2164 2572 sibi
2202 2541 2364 2588 super
2383 2523 2478 2574 hoc
2533 2575 2535 2578 Α

479 2608 697 2658 oraculo
743 2607 868 2657 vive
914 2603 1061 2656 vocis
1104 2603 1536 2667 resignationem
1581 2604 1900 2655 huiusmodi
1929 2605 2153 2656 duxerit
2183 2606 2478 2658 admitten-

482 2694 638 2753 dam3
694 2710 792 2742 nos
848 2692 917 2742 ad
974 2707 1268 2756 personam
1295 2699 1473 2749 tuam,
1531 2707 1699 2753 quam
1742 2688 2061 2742 sinceritate
2117 2690 2383 2755 religionis
2423 2701 2478 2742 et

487 2774 610 2825 fidei
639 2775 963 2826 maturitate
990 2791 1204 2824 morum
1239 2784 1294 2825 et
1328 2773 1648 2824 litterarum
1676 2773 1904 2825 seientia
1955 2774 2220 2827 Dominus
2261 2775 2476 2842 insigni-

481 2861 580 2921 vit,
645 2871 830 2913 nostre
871 2859 1167 2925 dirigentes
1211 2857 1664 2910 considerationis
1705 2856 1993 2921 intuitum,
2021 2868 2077 2910 te
2102 2847 2475 2925 inquisitorem

484 2943 728 2997 eiusdem
769 2943 1005 2995 heretice
1046 2942 1343 3009 pravitatis
1382 2943 1437 2994 in
1490 2943 1742 3009 partibus
1793 2941 2092 2995 antedictis
2148 2943 2476 2998 auctoritate

482 3028 785 3096 apostolica
841 3047 1015 3094 usque
1068 3028 1137 3077 ad
1194 3027 1439 3078 eiusdem
1484 3027 1632 3080 Sedis
1689 3026 2101 3094 beneplacitum
2149 3030 2472 3094 deputamus

485 3114 612 3178 [ecc.,
651 3131 843 3164 comme
877 3131 948 3162 au
983 3132 1032 3162 η.
1071 3110 1175 3160 183
1203 3111 1441 3181 jusqu’ct]
1491 3113 1855 3179 preiudicium
1904 3112 2166 3178 generari.
2219 3114 2471 3164 Volumus

485 3198 653 3249 etiam
689 3199 835 3264 quod
870 3209 932 3248 tu
968 3209 1272 3262 antequam
1307 3197 1625 3247 huiusmodi
1659 3196 1898 3247 officium
1935 3196 2164 3263 incipias
2200 3213 2471 3248 excercere

487 3283 541 3332 in
600 3282 853 3333 manibus
926 3281 1253 3333 venerabilis
1314 3281 1498 3332 fratris
1561 3281 1835 3332 Francisci
1866 3284 1903 3343 4,
1964 3281 2205 3348 episcopi
2267 3279 2471 3332 Gratia-

482 3367 809 3433 nopolitani‚
871 3366 1157 3418 camerarii
1214 3365 1409 3428 nostri,
1440 3367 1506 3416 de
1547 3367 1663 3432 ipso
1701 3366 1935 3416 fideliter
1968 3367 2270 3418 exercendo
2303 3362 2468 3415 officio

480 3462 686 3515 prestes
705 3440 1062 3518 corporaliter
1095 3451 1487 3513 iuramentum,
1509 3451 1663 3501 iuxta
1683 3451 1918 3501 formam
1938 3451 2279 3517 presentibus
2311 3465 2471 3499 anno-

477 3534 675 3597 tatam,
714 3554 816 3601 que
851 3534 975 3585 talis
1010 3545 1094 3584 est
1120 3536 1141 3568 5
1173 3554 1185 3584 ι

551 3620 662 3684 Ego
710 3621 880 3669 frater
923 3620 1233 3670 Bernardus
1279 3620 1635 3685 Bosquarelli‚
1685 3621 1887 3671 ordinis
1948 3622 2181 3673 fratrum
2239 3615 2471 3685 predica·

477 3715 660 3754 torum
704 3705 991 3768 professor,
1034 3703 1326 3769 inquisitor
1368 3703 1602 3754 heretice
1646 3704 1958 3770 pravitatis,
2001 3706 2070 3755 ab
2113 3706 2212 3758 hac
2255 3703 2379 3752 hora
2418 3697 2468 3748 in
2538 3699 2540 3774 J

477 3798 651 3857 antea¹
673 3786 844 3843 fidelis
872 3805 962 3844 ero
992 3789 1155 3843 beato
1187 3790 1367 3853 Petro,
1396 3800 1584 3842 sancte
1613 3806 1836 3842 romane
1869 3788 2121 3852 Ecclesie,
2161 3799 2216 3838 et
2255 3782 2466 3839 domino
2535 3782 2540 3835 ’ἶ
