2540 4354
969 401 1180 436 annon·
1219 403 1302 436 κη
2026 386 2126 439 223

894 618 953 628 -
997 583 1121 645 146
1148 585 1249 644 bis
1288 617 1366 628 —

223 746 538 814 Dominique
578 747 777 809 Grima,
813 750 992 814 civique
1025 746 1085 797 de
1121 746 1550 810 Pamiers‚devra
1582 746 1716 798 tenir
1748 747 1801 798 la
1836 746 1982 798 main
2014 750 2047 798 ὰ
2080 766 2134 799 σο

79 853 83 856 ’
150 848 247 900 que
287 848 384 881 son
425 829 613 898 official
645 829 917 896 n’empiete
962 848 1060 896 pas
1104 849 1196 881 sur
1225 830 1295 881 les
1338 829 1498 880 droits
1541 840 1585 880 et
1615 831 1668 881 la
1706 830 2016 896 juridiction
2059 831 2131 882 du

80 921 85 925 “
148 923 306 965 comte
337 913 399 964 de
432 913 585 966 Foix.
621 912 913 965 Lui-mEme
946 924 992 964 et
1025 931 1104 964 ses
1138 913 1351 980 officiet-s
1386 913 1592 965 dem-ont
1623 913 1901 965 s'abstenir
1933 915 1993 966 de
2029 933 2132 964 mo-

149 996 299 1048 lutor
325 996 396 1047 les
422 996 582 1062 sujets
609 996 670 1047 de
696 1015 749 1048 ce
765 1007 931 1051 comte
957 1015 1079 1047 sous
1107 1001 1327 1063 pretexte
1353 995 1736 1063 d’inquisition.
1767 1026 1836 1034 —-
1862 998 2133 1062 Avignon,

82 1153 84 1160 Ι
156 1078 218 1131 11
256 1079 375 1146 juin
413 1079 563 1133 1335.

575 1212 681 1267 Περ.
711 1213 825 1266 vat„
853 1221 885 1255 t.
913 1227 1053 1267 cxxx,
1080 1213 1141 1255 fol
1170 1213 1225 1255 56
1250 1216 1311 1265 1⁵⁰,
1337 1226 1380 1253 n.
1411 1225 1693 1261 cccxxxvm
1712 1212 1923 1262 Daumet,
1962 1227 2032 1268 op.
2050 1214 2144 1267 cil..

439 1297 483 1325 n.
499 1283 568 1335 65,
594 1282 823 1337 rubrique;
853 1282 999 1334 Vidal,
1028 1282 1184 1324 Remu
1206 1280 1325 1330 XII,
1353 1282 1490 1324 leur-es
1516 1282 1704 1328 sacrem,
1732 1294 1775 1322 n.
1803 1283 1880 1325 ³41
1918 1282 1983 1336 (in
2010 1283 2134 1339 ext),

94 1466 99 1471 .
219 1402 524 1456 Venerabili
569 1401 728 1454 fratri
778 1401 1062 1453 Dominico
1086 1400 1124 1463 ¹,
1172 1402 1424 1468 episcopo
1474 1402 1884 1470 Appamiarum.
1934 1431 2003 1439 —
2051 1404 2133 1454 Ex

99 1484 102 1485 ’
146 1486 532 1553 conquestione
586 1484 770 1536 dilecti
826 1484 921 1535 filii
973 1484 1166 1536 nobilis
1220 1483 1323 1534 viri
1377 1486 1628 1537 Gastonis
1651 1485 1689 1549 ²,
1706 1485 1916 1537 comitis
1974 1486 2014 1536 F
2019 1486 2130 1551 uxi,

91 1587 95 1590 ⁴
156 1571 491 1640 percepimus
542 1569 687 1635 quod
740 1568 968 1619 dilectus
1024 1568 1212 1619 filius..
1266 1567 1505 1620 officialis
1571 1580 1697 1620 tuus
1763 1571 2131 1635 cognoscendo

91 1683 95 1686 ·
146 1663 205 1705 et
241 1653 556 1705 diffiniendo
595 1653 661 1703 de
699 1652 798 1703 hiis
837 1670 941 1718 que
993 1651 1063 1703 ad
1113 1649 1542 1704 iurisdictionem
1592 1653 2011 1705 ecclesiasticam
2061 1654 2127 1704 de

96 1790 97 1794 ,
149 1732 542 1789 consuetudine
580 1738 670 1789 vel
706 1737 771 1787 de
808 1735 923 1787 iure
962 1735 1182 1787 minime
1220 1735 1514 1803 pertinent,
1553 1735 1669 1787 iura
1710 1746 1765 1787 et
1802 1736 2130 1788 iurisdictio·

107 1837 271 1873 ¹nem
318 1820 451 1872 dicti
498 1820 710 1871 comitis
758 1820 824 1870 de
871 1836 1013 1870 novo
1060 1830 1115 1870 et
1162 1820 1400 1871 indebite
1449 1831 1680 1887 occupat
1713 1831 1768 1870 et
1816 1822 2127 1887 perturbat3

104 1913 110 1970 j
150 1905 403 1971 quodque
436 1915 499 1954 tu
531 1905 619 1955 vel
646 1904 790 1955 idem
822 1902 1079 1965 officialis,
1112 1914 1210 1955 aut
1240 1903 1331 1954 alii
1363 1904 1737 1954 ministeriales
1772 1904 1851 1954 tui
1881 1907 1983 1955 sub
2015 1924 2128 1971 pre·

101 2011 107 2015 ·
151 1998 309 2040 textu
354 1987 723 2055 Inquisitionis
764 1987 994 2038 heretice
1038 1987 1325 2054 pravitatis
1367 1988 1650 2037 nonnullos
1685 1988 1878 2053 prefati
1918 1989 2127 2039 comitis

158 2069 404 2123 subditos
443 2071 619 2123 minus
654 2070 1052 2122 rationabiliter
1090 2070 1406 2122 molestatis.
1447 2069 1584 2121 Sane
1623 2072 1747 2136 quia
1788 2082 1940 2122 tuam
1978 2072 2131 2122 decet

142 2149 557 2206 *solicitudinem
589 2155 664 2206 sic
694 2155 988 2221 prudenter
1016 2164 1072 2205 et
1101 2154 1384 2218 diligenter
1414 2152 1527 2205 iura
1560 2155 1774 2205 ecclesie
1808 2165 1897 2204 tue
1944 2174 2131 2206 manu-

100 2308 102 2310 ·
155 2244 335 2289 tenere
351 2254 416 2288 ac
434 2238 720 2289 defendere
747 2238 928 2303 sicque
950 2255 1078 2304 pure
1101 2237 1226 2288 fidei
1245 2237 1542 2302 negotium,
1562 2248 1723 2303 prout
1742 2238 1810 2289 ad
1831 2248 1882 2287 te
1897 2249 2128 2304 spectat,

154 2321 406 2388 prosequi
450 2321 715 2374 catholice
761 2322 906 2387 quod
952 2321 1180 2372 aliorum
1225 2321 1340 2372 iura
1386 2339 1496 2371 non
1542 2339 1764 2387 usurpes
1812 2322 1895 2371 vel
1941 2324 2123 2372 turbes

123 2401 411 2468 indebite,
456 2422 556 2456 nec
603 2405 932 2456 fermentum
976 2405 1032 2456 in
1076 2405 1265 2455 eodem
1309 2404 1525 2469 negotio
1571 2405 1716 2470 quod
1761 2404 2128 2456 sinceritatem

126 2479 260 2541 ¹eius
299 2487 512 2541 inficiat
553 2488 862 2551 misceatur,
903 2487 1307 2539 fraternitatem
1347 2498 1501 2538 tuam
1555 2487 1823 2538 attentius
1876 2489 2126 2538 exhorta-

23 2583 27 2593 *
114 2562 122 2609 ’Ϊ
150 2586 269 2623 mur
303 2571 360 2622 in
399 2571 631 2623 Domino
667 2571 843 2623 eidem
894 2570 1242 2622 nihilominus
1293 2570 1634 2636 iniungentes
1690 2571 1945 2637 quatinus
1997 2588 2126 2621 eun·

24 2647 28 2661 '
150 2652 273 2705 dem
299 2654 580 2707 officialem
604 2673 635 2707 a
660 2654 1002 2706 novitatibus
1026 2654 1316 2705 inferendis
1342 2652 1479 2703 circa
1521 2655 1776 2721 premissa
1817 2656 1902 2705 vel
1933 2665 2131 2706 attem-

150 2738 368 2805 ptandis
413 2737 669 2790 indebitis
714 2738 965 2789 cohibeas
995 2748 1051 2787 et
1068 2738 1352 2805 provideas
1398 2738 1777 2788 nichilominus
1823 2738 2127 2803 diligenter,

127 2820 301 2889 *ssquod
342 2821 417 2873 sic
458 2840 588 2889 pure
629 2821 811 2888 sicque
851 2822 992 2872 iuste
1035 2839 1128 2889 per
1169 2831 1223 2871 te
1263 2830 1494 2887 tuosque
1541 2821 1810 2871 ministros
1852 2821 2133 2886 negotium

123 2911 144 2948 θ’
176 2913 284 2956 ἳλ·οι
330 2905 515 2957 solerti
562 2905 809 2957 adhibita
860 2904 1139 2971 diligentia
1191 2912 1556 2971 pertractetur
1606 2905 1750 2970 quod
1806 2905 1982 2955 nullus
2035 2903 2135 2954 nisi

133 2986 453 3058 ,θώραὴίὶίμ
489 2989 722 3052 delatus,
759 2989 846 3039 vel
880 2998 1164 3056 suspectus
1200 2988 1266 3038 de
1307 2987 1408 3037 fide
1446 2987 1560 3054 ipsa
1600 2985 1763 3038 fuerit
1800 3004 1893 3054 per
1940 2997 1991 3036 te
2046 2989 2129 3037 vel

128 3084 300 3137 ⁴speon
362 3082 550 3123 contra
611 3071 896 3124 sanxiones
960 3071 1245 3123 canonicas
1322 3069 1730 3137 quomodolibet
1795 3071 2126 3131 molestetur,

146 3152 307 3210 hobis
337 3154 593 3206 distincte
622 3172 686 3206 ac
713 3155 907 3207 seriose
938 3154 1195 3222 quicquid
1224 3155 1281 3205 in
1308 3154 1577 3221 premissis
1607 3165 1662 3204 et
1689 3171 1874 3204 eorum
1911 3153 2135 3218 singulis

365 3237 743 3290 nichilominus
791 3238 1165 3305 rescripturus.
1217 3265 1285 3274 -
1335 3237 1540 3288 Datum
1590 3235 1860 3298 Avinioni‚
1899 3255 1963 3287 111
2011 3236 2132 3287 idus

138 3311 309 3386 iunii,
349 3338 492 3373 anno
531 3321 721 3388 primo.

36 3446 56 3508 ³2
131 3443 134 3495 j
158 3431 177 3506 η’
206 3441 249 3485 1.
277 3441 384 3487 Voir
408 3458 452 3486 n.
478 3445 550 3498 82,
575 3452 683 3487 note
706 3445 748 3487 1.

50 3571 54 3574 ἱ
131 3520 169 3575 ’,Α
204 3509 252 3555 2.
282 3510 453 3555 Ceston
481 3512 547 3566 113
577 3513 675 3556 voir
697 3528 742 3556 n.
770 3514 853 3557 144
898 3523 1003 3557 note
1027 3515 1070 3558 1.
