2540 4354
432 364 497 415 96
834 387 1116 419 immamus
1156 387 1228 418 DE
1274 367 1692 428 L'1NQu1s1T10N
1737 382 2055 426 FRANQAlsE

435 508 527 549 tue
556 500 861 552 nobilitatis
890 501 1101 552 litteras
1131 500 1286 552 nobis
1317 520 1410 567 per
1438 500 1620 567 ipsum
1649 508 1992 564 presentatas
2038 498 2241 547 affectu
2285 499 2438 548 beni-

432 602 535 649 gno
570 584 890 652 recepimus,
930 597 984 636 et
1022 604 1124 652 que
1161 585 1274 651 ipse
1312 584 1467 635 nobis
1506 583 1775 649 explicare
1830 581 2044 632 curavit
2103 584 2438 635 verbotenus

428 679 483 717 ct
530 667 712 719 littere
778 670 1137 720 continebant
1201 669 1463 736 predicte,
1530 669 1690 734 pleno
1757 665 2068 732 collegimus
2134 665 2436 720 invellectu.

426 752 565 803 Sane
595 772 756 819 super
785 772 845 804 eo
867 755 1013 820 quod
1043 755 1108 804 de
1137 753 1459 819 inquisitore
1490 751 1725 802 heretice
1756 750 2050 817 pravitatis
2079 750 2135 800 in
2154 751 2435 816 provincia

429 836 707 888 Auxitana
765 838 1084 904 deputando
1141 838 1454 888 litterarum
1510 838 1755 887 habebat
1811 834 1972 886 series
2043 833 2435 901 predictarum,

425 930 519 970 tue
548 921 837 987 prudentie
865 923 1260 988 respondemus
1292 922 1457 988 quod,
1490 931 1764 988 quantum
1796 920 1989 971 Sedem
2018 919 2199 985 tangit
2217 930 2435 986 aposto-

356 995 359 997 ·
424 1004 603 1066 licam,
636 1005 972 1057 intendimus
1007 1006 1247 1057 breviter
1278 1007 1343 1056 de
1377 1025 1607 1072 persona
1639 1005 1854 1071 ydonea
1902 1023 2063 1070 super
2109 1006 2210 1054 hoc
2255 1004 2434 1071 provi-

423 1090 610 1152 dere33
675 1110 799 1141 ven.
862 1092 1090 1141 fratrem
1174 1102 1425 1141 nostrum
1490 1091 1860 1151 Guillelmum,
1925 1088 2243 1155 episcopum
2306 1090 2434 1140 olim

424 1175 827 1238 Carcassonen.,
882 1177 1118 1226 electum
1187 1175 1450 1226 Auxitan.
1475 1175 1512 1237 4,
1567 1175 1713 1225 idem
1780 1175 2076 1236 facturum,
2161 1185 2433 1239 quantum

421 1259 489 1308 ad
536 1258 717 1324 ipsum
763 1259 1032 1325 pertinere
1080 1259 1399 1323 dinoscitur,
1447 1269 1819 1326 supponentes
1842 1259 1878 1310 ⁵.
1929 1259 2181 1309 Ceterum
2242 1260 2310 1309 ad
2372 1278 2431 1310 ea
2516 1309 2525 1318 ,

422 1361 524 1407 que
561 1344 625 1392 de
662 1343 996 1410 quibusdam
1032 1344 1229 1407 dubiis,
1268 1346 1369 1395 sub
1405 1346 1573 1394 verbo
1610 1343 1713 1394 sibi
1749 1342 2034 1393 commisse
2070 1361 2164 1409 per
2213 1345 2431 1394 easdem

419 1426 628 1478 litteras
675 1429 948 1479 credentie
993 1429 1172 1479 dictus
1217 1428 1591 1480 thesaurarius
1636 1427 1953 1494 explicavit,
2026 1427 2426 1494 respondimus,

418 1522 582 1577 prout
609 1511 724 1579 ipse
754 1513 858 1564 tibi
884 1514 1082 1563 referre
1113 1513 1318 1580 poterit
1375 1514 1594 1564 oraculo
1625 1511 1751 1563 vive
1780 1511 1949 1574 vocis,
1982 1530 2146 1578 quem
2188 1511 2273 1562 tui
2302 1531 2425 1564 con-

416 1595 743 1647 sideratione
777 1608 832 1647 et
865 1616 958 1648 sue
991 1597 1286 1665 probitatis
1321 1599 1556 1648 obtentu
1588 1598 2042 1647 recomendatum
2074 1597 2274 1647 habere
2306 1616 2426 1663 pro-

416 1681 687 1746 ponimus,
726 1685 843 1733 loco
881 1694 936 1733 et
971 1693 1219 1749 tempore
1258 1682 1507 1749 congruis
1546 1693 1600 1732 et
1638 1681 1824 1748 gratiis
1862 1692 1918 1731 et
1953 1681 2235 1734 favoribus
2273 1700 2427 1748 opor-

418 1766 584 1818 tunis.
619 1796 688 1803 ———
722 1769 929 1818 Datum
964 1767 1239 1831 Avinioni,
1278 1788 1381 1819 xm
1416 1768 1679 1818 kalendas
1713 1765 1964 1830 ianuarii,
2012 1783 2157 1817 anno
2206 1777 2423 1818 octavo.

473 1973 512 2012 1.
547 1973 662 2014 Jean
702 1974 757 2014 de
798 1974 911 2026 Trie,
952 1973 1157 2027 seigneur
1196 1975 1250 2015 de
1291 1973 1746 2027 Mouchy-le-Chatel,
1786 1972 1994 2014 senechal
2033 1972 2089 2014 de
2128 1971 2353 2014 Toulouse
2381 1981 2426 2015 et

415 2043 581 2096 d'Albi,
606 2044 661 2084 de
684 2044 795 2085 1323
820 2046 846 2084 a
870 2045 996 2085 1325.
1023 2045 1222 2098 Leopold
1248 2044 1426 2097 Delisle‚
1451 2044 1735 2097 Chr-onologie
1757 2044 1830 2084 des
1857 2043 2002 2084 baillis
2024 2049 2062 2084 et
2084 2042 2156 2084 des
2172 2044 2427 2097 εέηέεὴαιιω,

416 2114 528 2155 dans
551 2114 727 2155 Recueil
749 2115 822 2156 des
846 2115 942 2156 hist.
968 2115 1041 2156 des
1071 2115 1244 2168 Gaules,
1268 2123 1302 2156 t.
1328 2130 1462 2168 XXIV,
1489 2115 1686 2168 Preface,
1711 2129 1754 2169 p.
1781 2115 1986 2155 265-266.

469 2185 509 2224 2.
544 2185 984 2238 Mouchy-le-Chatel
1010 2186 1084 2241 (?),
1121 2186 1238 2238 Oise,
1275 2187 1453 2227 arrond.
1491 2187 1546 2226 de
1580 2185 1819 2227 Beauvais.

468 2256 508 2295 3.
542 2255 742 2296 Bernard
771 2256 857 2297 Gui
886 2257 1042 2298 venait
1067 2258 1122 2297 de
1150 2257 1322 2310 quitter
1347 2256 1656 2310 l’Inquisition
1682 2258 1738 2297 de
1764 2257 1989 2298 Toulouse
2016 2271 2132 2311 pour
2158 2265 2336 2299 montel·
2350 2273 2428 2300 sur

411 2323 449 2365 le
467 2324 583 2378 siege
601 2326 828 2380 episcopal
845 2328 900 2368 de
918 2327 1019 2380 Tuy
1041 2326 1124 2380 (1er
1143 2327 1398 2381 septembre
1416 2328 1527 2368 1323
1548 2342 1556 2367 :
1577 2342 1620 2368 n.
1639 2326 1728 2380 44).
1750 2326 1897 2368 Pierre
1914 2327 2145 2379 Brun,son
2155 2342 2423 2381 successeur,

408 2394 482 2436 fut
505 2397 686 2437 nomme
711 2411 794 2450 par
817 2396 857 2437 le
883 2411 1016 2452 pape,
1040 2398 1081 2438 le
1106 2398 1159 2439 27
1186 2398 1334 2451 juillet
1357 2398 1470 2438 1324
1500 2396 1559 2451 (n,
1586 2397 1675 2451 59).

465 2466 506 2508 4.
541 2467 803 2522 Guillaume¹
822 2469 877 2510 de
905 2468 1198 2520 Flavacourt;
1229 2468 1286 2509 cf.
1314 2481 1358 2521 p.
1387 2469 1457 2521 56,
1478 2477 1592 2510 'note
1609 2469 1649 2510 5.

465 2538 505 2578 5.
539 2538 599 2578 M.
630 2537 848 2591 Guerard,
873 2538 1152 2592 Documents‚
1182 2546 1215 2580 t.
1247 2554 1298 2592 11,
1328 2554 1372 2593 p.
1403 2540 1503 2592 109,
1533 2555 1576 2580 n.
1609 2541 1707 2592 267,
1737 2541 1972 2582 resumant
2000 2548 2119 2582 cette
2148 2541 2286 2596 piece,
2317 2542 2426 2584 ecrit

407 2622 495 2661 que
523 2608 633 2649 c’est
658 2609 698 2648 le
726 2609 934 2649 tresorier
960 2610 1014 2650 de
1041 2609 1231 2662 Bayeux
1258 2609 1488 2651 lui-meme
1516 2624 1603 2663 que
1630 2610 1670 2651 le
1698 2625 1816 2664 pape
1844 2626 1902 2652 va
1930 2625 2134 2652 nominer
2159 2611 2427 2672 inquisiteur

407 2679 599 2720 d'Auch.
629 2680 689 2720 Le
718 2682 834 2733 pape
862 2694 907 2721 se
934 2680 1074 2721 borne
1101 2681 1127 2721 ὲ
1154 2681 1303 2735 parler
1327 2681 1465 2722 d'une
1491 2695 1711 2735 personne
1738 2681 1901 2723 idoine.
1930 2682 1990 2723 M.
2019 2683 2219 2736 Leopold
2248 2683 2423 2733 Delisle‚

406 2761 476 2800 op.
499 2748 586 2801 cit„
608 2763 651 2802 p.
676 2750 771 2801 265,
797 2763 851 2789 ne
872 2763 918 2790 se
939 2756 1116 2803 trompe
1138 2764 1218 2804 pas
1239 2749 1384 2791 moins
1405 2749 1607 2804 lorsqu'il
1628 2751 1852 2791 decouvre
1873 2751 1985 2792 dans
2001 2752 2044 2792 la
2062 2751 2194 2793 lettre
2212 2766 2299 2805 que
2317 2752 2426 2794 c’est

405 2817 720 2872 l‘archeveque
744 2819 922 2860 d'Auch
946 2834 1034 2873 que
1057 2820 1086 2861 J
1090 2834 1174 2861 ean
1197 2821 1340 2861 XXII
1362 2835 1416 2861 va
1442 2820 1619 2863 choisir.

1252 3273 1535 3332 -53-

488 3433 557 3484 Le
589 3454 725 3500 pape
758 3434 980 3500 informe
1012 3436 1055 3485 le
1086 3435 1163 3485 roi
1195 3436 1254 3485 de
1285 3435 1521 3486 l’arriveie
1552 3437 1611 3486 de
1646 3436 1784 3487 Jean
1828 3437 2193 3504 l’ArchevKue
2236 3440 2416 3487 amene'

410 3538 473 3568 en
533 3539 654 3568 cour
714 3520 1021 3584 d’Avignon
1080 3538 1178 3585 par
1238 3520 1372 3569 deux
1445 3521 1660 3586 officiers
1721 3539 1938 3587 royaux.
2001 3550 2071 3557 —
2131 3520 2410 3586 Avignon,

405 3600 430 3651 7
468 3601 644 3667 juillet
681 3604 830 3654 1324.

757 3737 863 3788 Reg.
900 3737 1018 3788 Vah,
1050 3744 1083 3777 t.
1118 3752 1232 3790 exn,
1262 3738 1338 3779 fol.
1371 3738 1426 3780 30
1461 3743 1527 3790 νο,
1558 3753 1600 3778 n.
1636 3740 1740 3787 664;
1774 3739 1920 3790 Vidal,
1951 3753 2020 3792 op.
2054 3739 2140 3791 cil„
2158 3754 2200 3792 p.
2238 3739 2336 3779 430.
