2540 4354
465 382 564 435 430
852 400 1136 436 Βυιιᾼιτπ
1181 401 1255 435 DE
1298 381 1708 445 L’momsinon
1754 401 2072 445 tamense

465 517 696 584 predicti
728 518 953 568 valeant
987 519 1304 582 sustentari,
1340 530 1396 568 et
1430 537 1526 570 vos
1546 537 1639 585 per
1657 520 1754 570 hec
1788 530 1843 570 et
1877 520 1982 571 alia
2018 521 2161 571 bona
2198 537 2320 585 que,
2359 521 2463 571 Do-

470 601 614 651 mino
653 601 972 667 inspirante,
1011 603 1265 664 feceritis,
1305 603 1523 669 possitis
1562 605 1631 654 ad
1669 614 1852 653 eterne
1871 604 2229 654 beatitudinis
2269 605 2462 668 gaudia

463 686 761 752 pervenire.
799 715 868 721 —
904 687 1111 737 Datum
1150 688 1425 750 Avinioni,
1463 706 1609 738 xv111
1647 688 1907 738 kalendas
1943 687 2285 754 septembris,
2321 707 2461 739 anno

461 780 633 819 sexto.

515 926 555 967 1.
588 925 642 967 N.
678 927 774 977 286,
802 935 910 968 note
948 929 987 969 1.

1309 1337 1519 1397 -309
1550 1371 1627 1380 —

544 1502 616 1552 Le
651 1521 790 1568 pape
826 1503 1054 1553 ordonne
1091 1521 1162 1552 au
1201 1502 1407 1567 general
1443 1501 1529 1551 des
1566 1501 1723 1566 freres
1763 1498 1995 1550 mineurs
2032 1499 2092 1549 de
2127 1500 2362 1564 deleguer
2398 1519 2468 1551 un

468 1587 690 1637 membre
723 1588 783 1638 de
816 1607 911 1638 son
945 1588 1091 1637 ordre
1123 1606 1259 1653 pour
1292 1605 1491 1636 exercer
1525 1585 1702 1651 l'office
1735 1583 2109 1650 d'inquisiteur
2142 1603 2206 1634 en
2239 1585 2394 1635 Cor-se
2424 1596 2467 1636 et

465 1692 528 1722 en
555 1672 870 1737 Sardaigne‚
900 1677 967 1722 οῑι
996 1672 1035 1722 il
1060 1672 1249 1722 semble
1275 1671 1408 1737 qu’il
1432 1690 1465 1736 y
1492 1670 1568 1719 ait
1598 1688 1699 1719 une
1725 1669 2111 1719 recrudescence
2137 1669 2196 1718 de
2222 1668 2463 1721 Pheres-ie.

464 1786 531 1793 —
567 1757 798 1822 Anagni,
838 1757 903 1807 24
939 1757 1116 1822 juillet
1155 1757 1306 1809 1377.

825 1893 932 1947 Reg.
967 1893 1124 1946 Aven„
1159 1901 1193 1934 t.
1232 1906 1303 1933 cm
1343 1891 1489 1946 (Greg.
1526 1892 1595 1933 XI
1647 1899 1682 1932 t.
1718 1888 1876 1942 xx1x),
1910 1890 1987 1932 fol.
2023 1891 2128 1940 203;
2165 1890 2324 1946 Eubel,
2339 1892 2474 1947 Bun„

748 1973 782 2007 t.
809 1979 873 2018 v1,
898 1979 942 2006 n.
969 1965 1081 2005 1483
1112 1963 1177 2018 (in
1201 1964 1316 2017 exa).
1803 1962 1807 1967 ’

542 2089 752 2139 Dilecto
791 2087 899 2137 filio
937 2086 1219 2137 Leonardo
1244 2085 1282 2148 1,
1318 2086 1568 2137 ministro
1605 2089 1840 2152 generali
1859 2079 2066 2141 ordinis*
2096 2090 2327 2142 fratrum
2375 2091 2467 2142 mi·

465 2193 679 2239 norum,
718 2173 971 2233 salutem,
1010 2171 1114 2221 etc.
1153 2198 1223 2206 -—
1259 2170 1394 2221 Cum
1432 2171 1573 2221 sicut
1589 2190 1763 2238 nuper
1800 2174 2047 2224 dolenter
2076 2175 2381 2241 accepimus
2415 2176 2468 2227 in

466 2259 655 2311 insulis
692 2256 901 2308 Corsice
936 2266 991 2306 et
1027 2254 1271 2306 Sardinie
1307 2254 1417 2305 sint
1452 2257 1801 2322 quamplures
1837 2258 2059 2308 heretici
2107 2259 2283 2311 minus
2329 2271 2469 2311 recte

465 2345 521 2396 in
571 2342 797 2395 diversis
833 2341 1074 2392 articulis
1114 2340 1238 2390 fidei
1276 2341 1574 2391 sencientes
1611 2352 1666 2390 et
1701 2341 1834 2392 inibi
1869 2343 2069 2395 multas
2106 2345 2314 2396 hereses
2350 2362 2467 2395 con-

467 2440 552 2480 tra
596 2429 761 2479 fidem
803 2425 1129 2476 catholicam
1169 2425 1472 2475 temerariis
1513 2426 1734 2476 ausibus
1766 2445 2001 2477 asserere
2032 2427 2468 2494 presumentes23

465 2532 562 2565 nos
618 2512 916 2578 cupientes,
959 2521 1124 2576 prout
1162 2527 1230 2559 ex
1261 2509 1446 2559 debito
1479 2521 1730 2561 tenemur
1761 2512 2049 2577 pastoralis
2095 2513 2467 2576 officii,huius-

466 2597 615 2649 modi
671 2596 928 2663 pestifero
974 2596 1165 2646 morbo
1211 2613 1507 2659 congruam
1552 2595 1809 2645 adhibere
1843 2597 2129 2659 medelam,
2163 2595 2469 2656 discretioni

464 2693 624 2733 tue...
671 2681 1073 2732 commictimus
1116 2690 1170 2729 et
1213 2680 1540 2730 mandamus
1584 2679 1846 2744 quatinus
1889 2681 2127 2746 aliquem
2170 2682 2346 2732 virum
2387 2680 2466 2731 tui

467 2767 668 2817 ordinis
699 2765 1077 2832 professorem,
1107 2764 1440 2825 litteratum,
1459 2764 1754 2830 providum
1783 2775 1839 2814 et
1869 2765 2168 2816 discretum
2201 2766 2468 2816 actimen·

466 2866 578 2903 tem
613 2853 809 2913 Deum,
851 2870 1009 2917 quem
1043 2851 1112 2901 ad
1174 2852 1273 2900 hoc
1319 2850 1536 2900 duxeris
1589 2851 1914 2915 eligendum,
1959 2870 2120 2918 super
2163 2870 2268 2918 quo
2319 2862 2467 2904 tuam

397 2969 402 2973 -
465 2938 854 2989 conscientiam
923 2955 1226 2998 oneramus,
1293 2937 1624 2987 auctoritate
1697 2937 1997 3002 apostolica
2064 2938 2165 2988 hac
2229 2937 2344 2987 vice
2391 2935 2467 2986 in-

467 3023 787 3088 quisitorem
840 3021 1076 3071 heretice
1115 3021 1408 3087 praxitatis
1448 3021 1503 3071 in
1542 3021 1728 3071 insulis
1768 3021 2025 3086 predictis
2063 3021 2368 3072 constituas
2412 3028 2466 3068 et

467 3108 717 3173 deputes,
781 3106 873 3173 qui
921 3105 1236 3157 huiusmodi
1289 3106 1662 3171 Inquisitionis
1713 3106 1949 3156 officium
1981 3105 2205 3168 solicite,
2249 3104 2467 3156 viriliter

467 3210 529 3242 ac
559 3192 859 3258 prudenter
888 3202 1139 3241 exerceat
1168 3202 1284 3241 tam
1316 3192 1470 3241 iuxta
1502 3190 1783 3256 privilegia
1813 3201 1868 3239 et
1896 3190 2266 3255 indulgentias
2294 3187 2463 3254 inqui-

465 3276 722 3326 sitoribus
771 3275 1064 3342 pravitatis
1113 3276 1358 3325 eiusdem
1407 3275 1742 3325 auctoritate
1804 3274 2106 3340 apostolica
2170 3271 2462 3339 deputatis,

465 3378 558 3411 seu
590 3360 763 3411 officio
792 3361 1036 3411 eiusdem
1071 3359 1445 3425 Inquisitionis
1475 3379 1504 3410 a
1537 3360 1673 3410 Sede
1692 3359 1993 3424 apostolica
2014 3377 2284 3419 concessa,
2305 3374 2463 3423 quam
2533 3361 2537 3382 ⁴

464 3445 631 3496 etiam
667 3447 967 3496 secundum
1002 3444 1291 3496 canonicas
1326 3444 1652 3506 sanctiones,
1695 3443 1769 3495 ita
1806 3445 1951 3510 quod
1986 3462 2080 3509 per
2113 3443 2280 3509 ipsius
2297 3439 2464 3507 inqui·
2530 3489 2532 3497 ,

466 3530 646 3580 sitoris
688 3548 782 3595 per
822 3540 876 3579 te
918 3529 1224 3595 deputandi
1264 3528 1626 3579 solicitudinis
1681 3529 1927 3578 studium
1970 3529 2128 3579 radii<
2183 3523 2463 3594 pravitatis
2528 3541 2531 3546 ’

466 3613 705 3678 predicte
750 3614 816 3663 de
857 3613 1082 3679 prefatis
1124 3613 1312 3663 insulis
1354 3614 1572 3679 penitus
1614 3615 1801 3663 evulsa
1843 3623 1898 3662 et
1938 3611 2314 3663 exterminatis
2347 3607 2463 3660 inde

466 3698 766 3762 vulpeculis
835 3716 936 3762 que
1005 3697 1222 3749 vineam
1295 3697 1514 3748 Domini
1587 3698 1833 3748 Sabaoth
1889 3697 2140 3748 demoliri
2202 3696 2461 3752 nituntur,
2522 3692 2526 3730 -'

471 3780 600 3829 fides
636 3781 766 3830 inibi
802 3781 1068 3831 catholica
1089 3793 1456 3847 prosperetur.
1482 3784 1579 3831 Per
1602 3784 1699 3831 hoc
1718 3783 2170 3832 autemlocorum
2190 3774 2462 3830 ordinariis
2521 3802 2523 3809 ‹
