2540 4354
969 413 1115 448 :nnc
1155 417 1279 450 xxu
2028 401 2123 454 155

120 519 272 582 rint,
307 537 423 583 vos,
442 519 843 587 archiepiscope
877 530 934 571 et
967 521 1312 587 suffraganei,
1332 525 1560 589 quilibet
1593 535 1839 575 vestrum
1875 525 2126 575 videlicet

29 679 34 685 υ
102 599 103 602 ¹
143 609 207 663 in'
232 625 328 660 sua
366 609 565 660 diocesi
599 627 695 676 per
727 627 783 660 se
818 610 903 660 vel
938 610 1104 661 alium
1141 630 1302 678 quem
1338 614 1405 663 ad
1443 615 1542 664 hoc
1561 615 1939 680 deputandum
1957 615 2123 664 duxe-

20 711 21 714 ’
107 690 279 754 ritis,
330 701 387 742 et
433 701 514 754 tu,
563 691 854 759 inquisitor
901 692 1160 760 predicte,
1216 694 1434 746 insimul
1481 695 1725 747 celeriter
1787 697 2120 763 compleatiS,

118 783 280 844 *quas
327 785 620 841 postquam
666 776 1071 842 compleveritis
1118 796 1223 828 una
1272 797 1394 828 cum
1440 779 1540 830 illis
1588 799 1691 846 que
1748 778 1857 831 iam
1917 799 2010 847 per
2067 791 2121 830 te

114 854 339 919 vtolum,
368 858 576 924 prefate
599 858 906 924 inquisitor,
933 859 1161 911 forsitan
1186 872 1314 911 sunt
1339 863 1604 928 complete
1630 863 1782 913 nobis
1808 865 1908 914 sub
1934 863 2126 913 vestris

121 993 127 1003 ,Ἰ
143 937 322 1007 sigillis
360 940 588 991 fideliter
621 941 938 993 interclusas
974 944 1298 1009 quantocius
1335 946 1580 1010 poteritis
1616 946 2022 1006 transmittatis,
2057 956 2119 995 ut

114 1021 217 1075 tis
241 1022 369 1074 visis
395 1023 525 1090 quid
552 1024 861 1075 faciendum
887 1025 957 1076 sit
982 1035 1098 1076 tam
1125 1045 1286 1092 super
1310 1027 1410 1077 illis
1437 1029 1503 1077 de
1530 1028 1724 1094 quibus
1752 1029 1914 1078 fuerit
1939 1028 2116 1094 inqui·

115 1099 309 1161 *titum
339 1124 503 1172 quam
533 1124 695 1173 super
722 1107 972 1159 omnibus
1003 1109 1191 1160 ceteris
1222 1110 1287 1159 de
1318 1110 1513 1176 quibus
1558 1112 1799 1161 nondum
1853 1122 1934 1162 est
1977 1111 2117 1161 incc-

136 1178 301 1269 ‘ptum
335 1188 535 1256 inquiri
570 1189 778 1257 plenius
814 1201 869 1241 et
906 1192 1101 1242 certius
1138 1203 1358 1243 auctore
1383 1193 1613 1244 Domino
1633 1194 2001 1260 disponamus.
2042 1195 2121 1244 Tu

120 1278 288 1340 ‘yet-o,
318 1271 607 1339 inquisitor
637 1274 894 1340 predicte,
926 1294 1086 1341 super
1130 1275 1230 1326 illis
1277 1277 1342 1326 de
1388 1277 1584 1342 quibus
1629 1278 1807 1327 adhuc
1851 1277 2118 1342 inquirere

120 1421 123 1428 Ι
142 1373 251 1408 non
275 1355 481 1422 cepisti,
508 1367 762 1422 pretextu
787 1357 1058 1409 dictarum
1083 1359 1388 1410 litterarum
1414 1360 1514 1410 nisi
1538 1361 1718 1411 forsan
1744 1360 1890 1410 aliud
1915 1379 1944 1411 a
1964 1360 2119 1410 nobis

117 1438 400 1510 freciperes
434 1438 490 1490 in
527 1441 799 1491 mandatis
836 1452 889 1491 te
924 1443 1235 1492 nullatenus
1272 1443 1625 1494 intromittas,
1669 1446 1765 1493 Per
1803 1444 1895 1492 hec
1932 1454 2117 1493 autem

140 1539 249 1577 non
278 1521 610 1574 intendimus
641 1524 796 1574 vobis
831 1526 914 1574 vel
949 1536 1191 1576 vestrum
1225 1527 1383 1577 alicui
1417 1538 1685 1592 quantum
1733 1528 1800 1576 ad
1849 1527 1935 1576 illa
1970 1544 2070 1591 que
2096 1545 2123 1575 a

119 1602 254 1658 iure
287 1606 440 1658 vobis
475 1607 607 1658 alias
642 1619 771 1659 sunt
808 1609 1063 1675 permissa
1100 1610 1155 1660 in
1191 1610 1460 1676 aliquibus
1498 1610 1758 1675 derogari.
1795 1638 1863 1646 -
1915 1610 2117 1660 Datum

49 1725 54 1732 -
111 1689 411 1756 'fAvinionL
439 1709 479 1742 ιι
507 1709 676 1743 nonas
702 1692 1028 1755 novembris,
1056 1712 1197 1744 anno
1225 1694 1646 1759 quintodecimo.

122 1907 126 1910 ,
227 1851 634 1906 venerabilibus
677 1852 936 1904 fratribus
962 1892 996 1904 ..
1034 1853 1056 1884 ⁸
1113 1855 1515 1920 archiepiscopo
1561 1855 1863 1905 Tholosano
1896 1853 2117 1920 eiusque

5 1953 9 2003 ζ
52 1968 54 1971 -
126 1928 512 2002 {suffraganeiffi
555 1945 612 1986 et
652 1936 849 1987 dilecto
896 1937 1004 1988 filio
1023 1936 1423 2004 ..⁷inquisitori
1470 1939 1699 1988 heretice
1743 1937 2031 2004 pravitatis
2064 1937 2116 1987 in

111 2016 304 2086 fjessno
330 2017 551 2070 Francie
577 2037 670 2085 per
695 2019 887 2071 Sedem
919 2021 1276 2087 apostolicam
1301 2022 1568 2087 deputato
1595 2022 1821 2071 Tholose
1840 2021 2116 2084 residenti,

46 2101 394 2231 galatam.
428 2129 497 2138 —
546 2102 766 2154 Dudum
816 2104 1136 2156 venerabilis
1187 2105 1419 2156 irater...
1463 2133 1531 2140 —
1581 2105 1784 2155 Datum
1836 2103 2107 2166 Avinioni,

121 2200 191 2247 ,ιι
221 2202 390 2238 nonas
418 2186 730 2238 novembris
760 2205 903 2239 anno
938 2189 1081 2240 XV0.
1118 2189 1304 2254 (Doat,
1335 2198 1376 2239 t.
1411 2205 1613 2250 xxxiv,
1646 2189 1733 2240 fol.
1772 2188 1909 2252 181.)

1 2060 11 2101 ὲ

107 2358 133 2399 J:
203 2351 245 2396 1.
274 2350 523 2406 Guillaunm
544 2352 738 2406 Goudin,
762 2354 857 2395 voir
880 2369 921 2396 n.
947 2355 1017 2406 72,
1040 2362 1145 2395 note
1168 2355 1207 2395 1.

203 2420 248 2464 2.
276 2421 472 2464 Benard
493 2421 579 2465 Gui
605 2422 664 2476 (n.
687 2423 759 2476 44,
781 2430 886 2464 note
908 2423 948 2476 1)
976 2432 1021 2465 et
1043 2424 1156 2465 Jean
1179 2426 1234 2466 de
1255 2425 1433 2467 Beaune
1472 2425 1534 2479 (n.
1559 2425 1628 2477 21,
1651 2434 1756 2467 note
1778 2426 1835 2477 2).

119 2485 134 2522 ;·'
203 2490 246 2532 ³.
274 2490 383 2533 Βίου
406 2499 547 2535 avant
571 2492 686 2535 Jean
713 2493 868 2546 XXII,
896 2493 936 2534 la
963 2496 1248 2548 competence
1273 2495 1350 2537 des
1375 2494 1660 2548 inquisiteurs
1686 2494 1810 2535 avait
1835 2496 1904 2535 ete'
1931 2494 2119 2535 nitendue

72 2558 73 2561 ’
120 2542 263 2613 {fleu
283 2560 510 2615 patique·
532 2561 903 2616 superstitiouses,
928 2562 1040 2603 mais
1064 2577 1177 2617 pour
1199 2563 1238 2603 le
1262 2577 1335 2604 cas
1359 2563 1602 2605 seulement
1625 2564 1681 2604 ou
1706 2563 1807 2604 elles
1831 2563 2011 2603 avaient
2035 2576 2120 2602 une

65 2664 67 2667 .
123 2646 144 2662 f·
182 2634 206 2656 '-
233 2628 329 2672 flo-
346 2629 514 2673 dimcte
533 2643 642 2673 avec
661 2632 704 2674 la
725 2631 801 2673 foi.
825 2632 931 2673 Voir
951 2634 976 2673 a
998 2646 1047 2673 ce
1067 2632 1186 2685 sujet
1206 2646 1293 2673 une
1314 2632 1432 2673 bulle
1452 2633 1749 2674 d'Alexandre
1773 2633 1834 2673 IV
1858 2632 1927 2685 (10
1947 2632 2121 2685 janvier

76 2733 82 2740 .
196 2718 198 2723 ,
272 2729 286 2742 .
314 2697 477 2755 Ripou,
504 2708 538 2743 t.
560 2713 600 2754 '1‚
628 2716 670 2756 p.
698 2703 796 2744 388.

74 2823 75 2826 Ἴ
117 2787 165 2811 1
201 2767 316 2812 Jenn
341 2769 483 2812 xxn
509 2772 675 2814 semble
702 2772 874 2815 n'avoir
900 2774 983 2815 mis
1027 2787 1198 2815 aucune
1242 2772 1506 2824 restriction,
1552 2769 1678 2813 sinon
1723 2773 2045 2821 momentanee,
2092 2772 2118 2812 a

68 2863 70 2865 ·
118 2867 151 2902 ,·
167 2837 323 2881 'aetion
342 2839 661 2894 inquisitoriale
682 2850 834 2884 contre
857 2856 926 2884 ces
949 2843 1094 2895 delia,
1118 2843 1330 2894 devenus,
1347 2843 1372 2882 a
1395 2850 1512 2883 cette
1527 2843 1713 2895 epoque,
1729 2842 1863 2883 d’une
1885 2841 2118 2894 frequence

63 2942 66 2949 .
272 2915 402 2960 cante
431 2907 491 2963 (n.
518 2909 573 2951 30
606 2910 702 2963 bia).
732 2912 802 2952 Au
830 2912 916 2953 lieu
945 2913 1021 2954 des
1050 2912 1214 2953 vieilles
1242 2911 1468 2966 pratiques
1496 2910 1848 2964 superstitieuses
1876 2910 2036 2951 usitees
2064 2911 2118 2951 de

119 2979 248 3020 Mt
273 2983 434 3034 tempo,
462 2993 521 3022 on
548 2979 675 3022 avait
704 2994 779 3034 vu,
808 2982 885 3022 des
914 2981 953 3023 le
983 2985 1093 3022 xm‘
1123 2981 1265 3034 siecle,
1295 2994 1340 3021 se
1369 2980 1584 3034 repandre
1613 2994 1666 3021 en
1698 2978 1862 3020 France
1891 2979 1994 3020 l’art
2022 2980 2119 3033 plus

115 3047 130 3091 s
191 3055 226 3081 ··⁶
254 3068 258 3080 ι
283 3077 286 3080 -
322 3047 378 3090 de
404 3048 569 3091 l'Italie
598 3058 645 3093 et
672 3050 727 3091 de
756 3050 1010 3105 l'Espagne.
1043 3050 1218 3091 L’ess'roi
1249 3051 1475 3103 provoque
1506 3063 1585 3103 par
1614 3048 1900 3090 l'occultisme
1930 3049 2120 3092 s’accrut

68 3171 70 3174 Ι
180 3139 182 3144 «
209 3138 211 3146 ·
266 3116 294 3158 ὁ
313 3130 441 3172 eoup.
465 3118 526 3160 Le
547 3133 662 3174 pape
684 3119 797 3161 Jean
821 3120 960 3161 XXII
984 3120 1228 3174 l’eprouva,
1250 3119 1520 3171 semble-t-il,
1544 3120 1569 3159 a
1593 3133 1652 3159 un
1676 3118 1740 3158 vif
1761 3119 1908 3171 degn&
1934 3118 1963 3157 il
1986 3118 2119 3159 inter-

83 3184 86 3189 ’
122 3183 245 3229 wint
261 3186 451 3230 maintes
471 3188 556 3230 lois
577 3202 690 3243 pour
709 3189 910 3231 stimuler
930 3190 968 3230 le
990 3190 1081 3230 zele
1100 3189 1178 3230 des
1199 3188 1499 3243 inquisiteurs,
1522 3196 1567 3229 et
1588 3189 1729 3229 meme
1770 3188 1822 3228 fit
1861 3187 2118 3241 poursuivre

140 3286 142 3290 -
166 3310 171 3315 .
225 3263 423 3310 suspects
443 3269 499 3298 en
519 3270 600 3300 son
621 3271 725 3299 nom
747 3271 919 3312 propre.
943 3258 1019 3300 Ses
1041 3272 1314 3300 successeurs
1335 3257 1550 3298 suivirent
1571 3270 1649 3297 son
1672 3256 1883 3309 exemple.
1907 3255 1976 3296 On
1998 3263 2118 3296 trou-

168 3363 175 3385 s
269 3323 381 3367 dans
403 3338 454 3368 ce
474 3326 632 3368 recueil
656 3327 871 3382 plusieurs
894 3328 1156 3369 documenta
1180 3341 1226 3368 se
1250 3327 1444 3368 reserant
1467 3327 1492 3366 a
1516 3326 1558 3367 la
1582 3324 1824 3379 repression
1847 3325 1902 3365 de
1925 3338 1995 3365 ces
2018 3339 2117 3378 pra-

179 3436 189 3446 ἦ
307 3406 383 3436 ιιι.
403 3394 473 3448 24,
491 3395 547 3437 30
570 3395 650 3448 bis,
668 3396 739 3449 50,
759 3397 829 3449 67,
849 3397 919 3449 72,
938 3397 1008 3449 77,
1029 3396 1099 3448 91,
1119 3396 1218 3448 146,
1255 3397 1352 3448 150,
1397 3396 1495 3447 152,
1516 3395 1613 3446 156,
1650 3394 1850 3445 159-160,
1884 3393 1981 3444 161,
2018 3393 2116 3445 171,

226 3490 244 3512 ,
261 3459 358 3515 ¹73,
378 3462 477 3516 175,
497 3463 596 3518 177,
616 3464 715 3518 179,
737 3465 835 3517 192,
857 3465 956 3517 220,
979 3466 1076 3517 285,
1098 3466 1197 3517 338,
1218 3465 1321 3513 342;
1344 3464 1400 3505 cf.
1427 3462 1751 3514 Introduction,
1772 3476 1816 3516 p.
1841 3475 1999 3506 xtvni.

182 3539 186 3544 '
209 3527 453 3585 votivi-ago
477 3531 641 3587 capital
666 3534 694 3575 a
720 3534 892 3575 &tudier
917 3548 992 3574 sur
1017 3534 1058 3575 la
1086 3533 1269 3575 matiere
1296 3541 1364 3574 est
1392 3533 1587 3583 Hansen,
1613 3530 1921 3582 Zaubetwahn,
1965 3530 2117 3584 Inqui-

77 3631 84 3638 .
167 3598 170 3603 ’
197 3597 220 3627 ‘'
293 3599 384 3642 wid
402 3600 720 3656 Hmnpmceu
742 3603 803 3643 im
824 3603 1088 3655 Μίαοίαὶιεν,
1111 3603 1253 3654 Bonn,
1276 3603 1399 3643 1900.
1424 3602 1484 3642 Le
1506 3602 1647 3641 meme
1667 3607 1827 3641 auteur
1847 3613 1873 3639 a
1894 3598 2033 3640 forme
2055 3614 2115 3641 un

373 3669 532 3712 mueil
560 3671 616 3712 de
643 3671 906 3713 documenta
934 3686 1010 3713 sur
1037 3672 1079 3713 la
1108 3671 1350 3712 torcellerie
1378 3678 1424 3711 et
1452 3670 1493 3710 la
1522 3668 1765 3723 repression
1811 3668 1866 3709 de
1895 3681 1942 3708 ce
1978 3668 2115 3711 crime

174 3791 197 3800 ..
269 3735 443 3791 Ouollea
474 3738 564 3781 und
586 3738 627 3780 U
629 3740 967 3794 mereuchungen
985 3754 1062 3782 zur
1086 3739 1324 3782 Geschichce
1341 3739 1413 3781 aa
1432 3738 1730 3780 Hmnwahns
1749 3736 1839 3779 und
1856 3736 1928 3778 der
1946 3737 2115 3780 Heaeen-
