2540 4354
894 353 1160 407 ctt'zuanrr
1199 373 1254 407 v1
1967 346 2068 407 317

110 470 121 485 ⁴
504 487 768 556 predicte,
808 486 1030 537 heredes
1069 497 1126 536 et
1166 488 1451 537 nonnullos
1493 488 1624 539 alios
1666 497 1963 539 asserentes
2015 476 2073 537 se

118 578 123 586 ’
220 610 224 619 ‚
261 574 276 588 ”
344 573 440 638 ⁸0⁸,
477 570 721 623 notarios
757 579 816 620 et
854 569 1060 620 iuratos
1099 569 1340 619 eiusdem
1381 570 1540 620 officii
1570 589 1637 620 ex
1660 589 1768 622 una
1799 581 1971 637 parte,
2011 589 2074 621 ac

138 708 149 715 ..
184 695 192 705 .
245 684 248 700 ÷
306 674 426 708 ·um
464 653 723 715 Mei-cerii,
761 653 1117 702 Guillermum
1156 653 1222 701 de
1261 653 1582 715 Frezinchis,
1625 656 1845 704 Petrum
1885 655 2077 719 Peyre-

99 742 126 761 '‘⁵‘'
162 751 193 795 ,ὲ
215 741 448 796 Paulum
489 737 727 800 Terreni,
770 736 1154 800 Berengarium
1201 736 1541 799 Montanerii,
1584 747 1639 787 et
1686 737 2075 832 Raymundum

302 823 338 837 '⁶
397 820 642 874 consules
681 819 838 883 burgi
877 818 1283 880 Carcassonen,
1325 838 1420 885 pro
1439 838 1494 870 se
1511 831 1566 870 et
1582 821 1800 872 nomine
1818 820 2077 871 universi-

186 906 394 960 dieti
424 904 598 971 burgi,
631 919 794 970 super
824 919 887 952 eo
921 902 1065 968 quod
1101 902 1330 968 predicti
1376 904 1618 954 consules
1663 922 1760 955 suo
1804 914 1860 954 et
1907 905 2079 954 dicto-

160 1012 164 1023 ·
200 1001 205 1005 “
255 987 633 1043 universitatis
674 985 894 1038 nomine
937 995 1110 1038 certas
1154 986 1332 1037 tallias
1376 997 1431 1036 et
1473 987 1844 1053 impositiones
1887 1006 2077 1053 urgen-

119 1077 129 1086 ”
200 1099 223 1116 ··
276 1069 693 1126 necessitatibus
725 1079 782 1119 et
813 1069 1043 1134 negotiis
1077 1069 1448 1119 universitatis
1466 1071 1598 1120 dicti
1630 1072 1800 1135 burgi,
1819 1081 1935 1122 tam
1966 1072 2080 1122 iure

217 1184 241 1203 .,
268 1156 280 1168 “
357 1172 524 1222 quam
564 1153 696 1205 alias
737 1170 805 1202 ex
845 1147 1190 1202 concessione
1230 1153 1373 1217 regia
1417 1163 1478 1202 ut
1509 1154 1781 1215 dicebant,
1812 1155 2082 1220 imposue-

247 1255 311 1297 4η
336 1243 623 1311 impositas
653 1261 684 1294 a
715 1241 877 1293 dictis
908 1241 1244 1303 consiliariiS,
1277 1243 1501 1294 notariis
1521 1254 1575 1292 et
1594 1243 1801 1306 iuratis,
1825 1246 2083 1314 quemad·

211 1361 216 1371 ·
252 1346 330 1381 m
356 1337 413 1380 et
438 1328 510 1380 ab
537 1326 655 1379 aliis
681 1325 871 1376 incolis
900 1325 1036 1376 dicti
1064 1325 1220 1390 burgi
1236 1326 1532 1390 exigebant
1560 1338 1615 1376 et
1647 1328 1782 1377 solvi
1804 1330 2084 1394 petebant,

111 1408 414 1479 ”ᾎ;ὠίροὶι
436 1407 766 1469 consiliariis,
798 1407 1044 1468 notariis,
1092 1408 1284 1459 iuratis
1351 1408 1493 1457 dicte
1555 1410 1924 1475 inquisitionis
1975 1411 2086 1462 exia

126 1481 139 1513 7
193 1495 380 1548 tibus
407 1506 540 1546 tunc
570 1494 628 1545 in
660 1511 810 1545 mora
844 1493 1160 1543 huiusmodi
1206 1493 1384 1543 tallias
1417 1504 1473 1543 et
1533 1494 1906 1559 impositiones
1942 1496 2090 1546 exol-

230 1579 271 1623 ι’
306 1588 531 1647 propter
565 1578 669 1628 boc
704 1586 852 1628 certa
889 1575 1118 1642 pignora
1153 1587 1472 1643 receperant
1508 1595 1601 1628 seu
1637 1578 1802 1644 recipi
1822 1578 2086 1642 fecerant3

248 1663 263 1677 ⁹
293 1662 400 1714 'tor
427 1679 556 1712 vero
587 1660 864 1728 predictus
893 1660 1154 1711 nonnulla
1187 1660 1467 1726 privilegia
1499 1671 1613 1712 tam
1632 1680 1662 1713 a
1696 1662 1831 1712 Sede
1863 1674 2083 1728 aposto-

139 1746 141 1749 ’
182 1780 185 1783 -
244 1763 412 1814 quam
441 1763 472 1797 a
504 1744 779 1796 carissimo
809 1744 865 1794 in
895 1743 1109 1794 Christo
1144 1743 1252 1794 filio
1284 1754 1470 1794 nostro
1499 1784 1529 1795 ..
1563 1763 1683 1809 rege
1718 1746 1942 1796 Francie
1971 1747 2088 1796 illu-

202 1829 218 1845 ⁹
244 1827 557 1897 inquisitori
589 1846 653 1879 ac
685 1827 1021 1888 consiliariis,
1054 1828 1281 1878 notariis
1315 1838 1369 1876 et
1387 1828 1577 1878 iuratis
1595 1829 1836 1879 eiusdem
1862 1830 2087 1895 Inquisi-

227 1912 252 1956 ι’,
309 1911 486 1974 officii,
523 1921 585 1962 ut
618 1912 914 1973 asserebat,
951 1928 1202 1961 concessa
1239 1929 1294 1959 se
1343 1913 1538 1962 habere
1573 1922 1627 1960 et
1662 1912 1873 1962 illorum
1909 1913 2141 1978 vigore-‚s-

140 1983 171 2053 ᾗ
280 1995 462 2059 arios,
492 1995 756 2058 notarios,
786 1994 993 2047 iuratos
1024 1995 1158 2045 dicti
1187 1995 1346 2044 officii
1384 1995 1753 2060 Inquisitionis
1783 1996 2092 2046 saisselibe-

237 2089 300 2132 et
338 2079 607 2132 immunes
652 2096 683 2130 a
727 2078 998 2130 solutione
1042 2078 1319 2130 talliarum
1364 2089 1419 2128 et
1463 2079 1876 2145 impositionum
1909 2080 2090 2130 huius·

223 2164 267 2217 ·i
289 2163 673 2231 impositarum
702 2174 758 2213 et
786 2163 1261 2230 imponendarum,
1293 2174 1348 2213 et
1379 2163 1434 2213 in
1464 2165 1798 2229 possessione
1828 2182 1920 2215 seu
1941 2163 2097 2230 quasi

167 2236 175 2240 ⁷
291 2273 294 2289 1
343 2247 355 2260 ⁶
411 2257 471 2298 et
499 2247 868 2298 immunitatis
900 2246 1213 2297 huiusmodi
1245 2247 1410 2297 fuisse
1440 2258 1495 2296 et
1526 2264 1640 2297 esse
1672 2246 1906 2310 dicebat,
1924 2266 1992 2297 ex
2023 2247 2095 2298 al-

166 2315 200 2346 '’
275 2330 520 2382 'materia
555 2330 857 2396 questionis
893 2341 1103 2381 exorta.
1143 2330 1406 2392 Tandem,
1446 2331 1572 2396 quia
1593 2330 1837 2396 prefatus
1875 2331 2098 2397 inquisi-

173 2415 182 2425 '
220 2414 571 2469 {anctoritate
606 2413 905 2480 apostolica
944 2432 1051 2480 qua
1090 2415 1145 2465 in
1181 2431 1243 2465 ea
1281 2424 1437 2480 parte
1474 2414 1696 2478 fungere
1732 2432 1787 2464 se
1824 2417 2099 2466 asserebat

291 2497 526 2549 minutos
565 2497 809 2548 consules
850 2508 1138 2548 monuerat
1178 2508 1239 2547 ut
1280 2498 1590 2548 huiusmodi
1629 2498 1851 2563 pignora
1882 2509 2099 2565 recepta

273 2603 299 2617 -1
331 2591 471 2633 rent
501 2580 577 2632 eis
612 2599 644 2632 a
681 2581 891 2647 quibus·
913 2581 1003 2632 illa
1039 2591 1380 2647 receperant3
1417 2580 1867 2650 et'nichilominus
1885 2583 2102 2632 eosdem

214 2658 219 2661 ’
293 2691 296 2704 ι
325 2699 331 2705 -
370 2704 385 2730 ,
430 2663 559 2731 quia
603 2664 893 2715 monitioni
938 2664 1249 2715 huiusmodi
1291 2682 1402 2716 non
1434 2675 1745 2730 paruerant,
1777 2665 2103 2717 nominatim

423 2746 483 2799 in
511 2763 576 2798 eo
607 2746 716 2798 fuit
746 2746 1032 2799 interdixit
1064 2759 1119 2798 et
1152 2748 1667 2810 excommunicavit,
1685 2758 1741 2798 et
1773 2748 2102 2800 sententiam

297 2858 302 2871 ·
336 2856 341 2873 ·
374 2829 703 2883 unientionis
744 2831 1057 2883 huiusmodi
1099 2842 1287 2883 contra
1330 2849 1419 2882 eos
1462 2841 1517 2881 et
1559 2833 1845 2883 nonnullos
1888 2832 2104 2898 partici-

195 2969 197 2972 ,
351 2912 556 2966 ebdom
589 2915 918 2968 nominatim
951 2916 1119 2968 etiam
1154 2915 1607 2981 aggravavit‚pro
1645 2926 1799 2981 parte
1834 2916 2104 2967 dictorum

230 3054 242 3060 „
267 3008 270 3009 ’
317 3013 411 3048 um
439 3014 538 3049 suo
568 3007 625 3048 et
655 2998 803 3049 dicto
836 2998 1209 3051 universitatis
1242 2998 1460 3049 nomine
1491 2999 1559 3049 ad
1595 2999 1784 3049 Sedem
1805 3000 2106 3064 predictam

266 3077 293 3112 *⁰
352 3081 707 3147 appellatum.
753 3082 1078 3134 Huiusmodi
1116 3100 1351 3147 namque
1389 3082 1769 3147 appellationis
1807 3093 1861 3132 et
1899 3100 2106 3148 proces-

245 3161 476 3227 Μαι)
508 3180 606 3230 pro
641 3175 797 3231 parte
830 3166 1102 3217 dictorum
1138 3165 1420 3216 consulum
1454 3174 1509 3213 et
1528 3163 1897 3216 universitatis
1915 3182 2108 3230 propo-

195 3240 330 3312 'j‘-
356 3245 672 3299 comistorio
704 3266 886 3301 coram
916 3250 1071 3301 nobis
1103 3250 1275 3302 altera
1306 3258 1462 3314 parte
1493 3258 1758 3313 presente,
1791 3265 1885 3299 nos
1929 3248 2113 3299 volen-

202 3391 226 3400 ι
348 3352 352 3364 ·
388 3355 409 3369 ¹·
426 3328 551 3380 dem
571 3332 812 3396 partium
835 3350 1052 3398 parcere
1071 3332 1348 3384 laboribus
1369 3341 1426 3381 et
1445 3330 1694 3396 expensis
1715 3340 1771 3380 et
1791 3330 2111 3384 affectantes

324 3409 639 3465 Huiusmodi
683 3418 909 3468 suborta
957 3416 1217 3467 dissensio
1265 3413 1494 3465 sublatis
1540 3414 1835 3478 litigiorum
1858 3413 2113 3466 anfracti-
2155 3469 2158 3474 ,

264 3493 656 3548 &minaretur
688 3500 1063 3562 amicabiliter,
1101 3500 1241 3549 inter
1276 3508 1456 3563 partes
1491 3498 1707 3547 easdem
1744 3496 2113 3547 ordinavimus

251 3576 571 3642 predictis
598 3581 911 3647 pignoribus
941 3584 1014 3633 eis
1044 3602 1074 3633 a
1105 3582 1299 3647 quibus
1329 3590 1545 3645 recepta
1574 3579 1791 3631 fuerant
1819 3580 1919 3629 sub
1946 3597 2113 3629 recre-

360 3660 629 3715 restitutis
661 3666 971 3718 huiusmodi
1004 3683 1279 3732 processus
1314 3663 1445 3712 dicti
1491 3662 1824 3728 inquisitoris
1870 3680 1932 3715 ac
1979 3680 2115 3728 pene

355 3766 361 3777 ·
410 3743 508 3795 tie
548 3758 804 3801 contente
845 3751 901 3801 in
942 3751 1043 3801 illis
1090 3765 1258 3813 usque
1301 3746 1369 3797 ad
1417 3764 1583 3797 unum
1628 3763 1865 3797 mense-m
1908 3763 1939 3798 a
1985 3755 2118 3798 tunc

103 963 126 983 1
