2540 4354
457 386 559 436 344
847 400 1131 434 BULLAmE
1173 399 1248 429 DE
1293 384 1707 439 L'1NQU151T10N
1749 400 2066 445 FRANQAISE

534 520 757 570 Dilectis
813 517 933 568 filiis
986 514 1250 565 universis
1302 514 1717 579 inquisitoribus
1770 518 2005 569 heretice
2055 518 2348 584 parvitatis
2366 524 2460 583 p'er

458 606 731 655 Arelaten.
767 613 822 651 et
859 599 1148 651 Massilien.
1186 598 1439 649 civitates
1474 610 1529 649 et
1563 600 1800 651 dioceses
1836 621 1898 652 ac
1935 603 2218 653 Provincie
2251 612 2307 651 et
2342 602 2457 651 Fol-

458 687 717 753 calquerii
758 685 1055 735 comitatus
1098 702 1192 750 per
1234 683 1428 732 Sedem
1470 685 1831 748 apostolicam
1873 687 2173 752 deputatis,
2209 687 2460 748 salutem,

456 782 560 821 etc.
591 800 659 806 -—-
687 769 1149 834 Significaverunt
1177 766 1332 816 nobis
1362 766 1602 817 universi
1629 767 1776 818 iudei
1802 770 1859 819 in
1889 769 2163 821 Arelaten.
2194 781 2248 819 et
2279 770 2460 819 Massi-

456 855 579 905 lien.
617 853 936 904 civitatibus
971 862 1026 901 et
1059 850 1365 902 diocesibus
1399 870 1462 901 ac
1500 852 1783 903 Provincie
1816 865 1871 903 et
1908 854 2266 920 Folcalquerii
2301 855 2460 904 comi-

457 941 666 991 tatibus
701 938 1016 989 habitantes
1052 937 1198 1002 quod
1233 936 1481 986 nonnulli
1513 955 1581 987 ex
1600 937 1774 1001 vobis,
1807 938 1863 988 in
1897 939 2461 1004 citationibus,inqui-

458 1024 746 1074 sitionibus
777 1033 832 1072 et
862 1022 978 1072 aliis
1011 1020 1350 1086 processibus
1383 1039 1517 1085 quos
1550 1032 1739 1072 contra
1764 1023 1957 1074 Iudeos
1987 1023 2131 1089 ipsos
2162 1023 2248 1072 vel
2277 1041 2461 1073 eorum

453 1109 695 1174 'aliquem
748 1107 962 1157 ratione
1016 1105 1176 1154 officii
1229 1105 1398 1155 vestri
1456 1106 1829 1170 Inquisitionis
1885 1108 2118 1157 heretice
2171 1107 2460 1173 pravitatis

458 1192 661 1242 fecistis
708 1193 974 1242 hactenus
1034 1200 1089 1239 et
1135 1189 1314 1240 facitis
1339 1189 1376 1251 1,
1412 1189 1753 1241 defensiones
1798 1202 1853 1240 et
1898 1192 2245 1258 exceptiones
2293 1191 2463 1256 legiti-

459 1295 573 1327 mas
634 1286 823 1326 contra
884 1273 1199 1324 huiusmodi
1257 1273 1655 1339 inquisitiones,
1718 1276 2006 1327 citationes
2065 1286 2121 1325 et
2180 1294 2460 1341 processus

458 1379 554 1427 pro
590 1370 746 1426 parte
780 1360 1022 1425 ipsorum
1065 1359 1354 1408 Iudeorum
1390 1377 1483 1424 per
1517 1377 1571 1408 se
1607 1360 1691 1410 vel
1725 1379 1913 1410 eorum
1947 1370 2326 1426 procuratores
2346 1379 2464 1426 pro·

459 1445 666 1512 positas
712 1444 1006 1495 admittere
1051 1444 1238 1508 eisque
1284 1443 1640 1493 articulorum
1687 1463 1848 1510 super
1895 1445 2092 1510 quibus
2140 1454 2328 1495 contra
2374 1463 2461 1494 eos

460 1529 778 1580 huiusmodi
829 1528 1136 1590 citationes,
1189 1527 1570 1593 inquisitiones
1622 1539 1678 1578 et
1729 1547 2012 1595 processus
2067 1531 2225 1591 fiunt,
2259 1547 2466 1578 necnon

460 1613 850 1664 attestationes
885 1623 942 1661 et
977 1613 1208 1666 aliarum
1245 1613 1638 1678 probationum
1673 1614 1729 1664 in
1763 1614 1837 1664 eis
1872 1624 2220 1679 receptarum
2256 1614 2465 1679 copiam

460 1699 676 1748 tradere
705 1708 759 1747 et
777 1697 953 1747 facere
972 1715 1160 1746 eorum
1180 1697 1492 1763 sumptibus
1511 1708 1566 1747 et
1585 1699 1835 1764 expensis
1853 1698 1873 1728 2
1892 1699 2182 1750 recusastis
2204 1700 2465 1749 hactenus

447 1794 515 1833 vet
565 1783 733 1842 etiam
783 1783 1076 1845 recusatis3
1127 1793 1183 1832 et
1235 1783 1456 1848 insuper
1508 1794 1699 1834 contra
1752 1802 1842 1834 eos
1895 1785 2103 1850 absque
2170 1783 2467 1834 diocesanis

460 1870 704 1919 locorum
745 1877 843 1918 aut
897 1886 1085 1917 eorum
1139 1885 1233 1918 seu
1301 1867 1672 1932 capitulorum
1740 1869 1866 1918 sede
1920 1878 2156 1919 vacante
2210 1867 2466 1932 delegatis

454 1955 530 2004 ,ad
572 1953 1128 2018 condempnationem
1169 1953 1476 2018 procedere,
1518 1953 1662 2018 ipsos
1682 1953 1973 2003 tormentis
2013 1971 2300 2018 exponere,
2336 1954 2468 2002 duro

463 2037 662 2088 carceri
693 2037 787 2104 qui
818 2037 988 2102 magis
1021 2038 1090 2088 ad
1123 2055 1323 2103 penam
1356 2056 1524 2103 quam
1556 2038 1625 2088 ad
1658 2038 1968 2088 custodiam
1999 2038 2221 2087 videtur
2250 2037 2469 2087 tendere

462 2122 776 2189 presumitis
828 2122 1142 2188 mancipare
1169 2122 1204 2184 3,
1256 2132 1311 2171 et
1361 2122 1494 2172 alias
1543 2140 1634 2172 eos
1684 2122 1898 2172 ratione
1948 2121 2263 2172 huiusmodi
2314 2120 2470 2171 officii

464 2207 650 2269 multis
692 2207 935 2272 gravatis
976 2207 1256 2257 laboribus
1299 2216 1354 2255 et
1395 2206 1646 2272 expensis
1689 2206 1933 2258 indebite
1974 2217 2029 2256 et
2060 2206 2469 2271 iniuste:super

465 2310 571 2357 quo
600 2292 703 2358 ipsi
737 2291 888 2342 Iudei
905 2292 974 2342 ad
994 2291 1294 2356 apostolice
1318 2290 1466 2341 Sedis
1485 2291 1790 2341 remedium
1811 2292 2090 2342 humiliter
2107 2300 2468 2342 recurrerunt.

465 2377 599 2426 Cum
632 2376 799 2441 igitur
833 2376 1007 2441 pietas
1042 2376 1341 2427 christiana
1381 2377 1575 2426 Iudeos
1607 2376 1752 2441 ipsos
1770 2386 2018 2441 receptet
2036 2386 2091 2425 et
2111 2375 2470 2426 cohabitatio·

463 2479 587 2510 nem
630 2461 902 2511 sustineat
944 2461 1280 2521 eorumdem,
1325 2479 1422 2510 nos
1467 2460 1540 2510 eis
1585 2479 1746 2526 super
1804 2461 1904 2510 hiis
1947 2471 2002 2509 et
2058 2471 2120 2510 ut
2163 2458 2471 2510 huiusmodi

464 2545 700 2595 officium
745 2556 933 2596 contra
977 2564 1066 2595 eos
1111 2564 1235 2594 cum
1278 2545 1464 2595 debita
1511 2545 1834 2596 maturitate
1878 2545 2159 2611 procedat,
2194 2563 2258 2595 ne
2293 2545 2470 2594 forsan

463 2633 668 2695 absque
707 2630 864 2695 culpa
904 2630 1294 2695 dampnentur,
1315 2629 1600 2694 providere
1619 2630 1885 2693 volentes,
1905 2629 2238 2680 auctoritate
2257 2638 2474 2696 apostoj

462 2715 562 2765 lica
597 2715 752 2766 vobis
785 2725 840 2763 et
871 2714 988 2765 aliis
1021 2714 1438 2780 inquisitoribus
1473 2715 1708 2764 heretice
1742 2714 2035 2780 pravitatis
2069 2713 2122 2763 in
2156 2713 2313 2763 dictis
2347 2711 2470 2762 civi·

463 2798 673 2849 tatibus
700 2809 755 2848 et
782 2799 1086 2850 diocesibus
1113 2817 1175 2849 ac
1203 2799 1559 2849 comitatibus
1587 2817 1680 2865 per
1709 2799 1901 2850 Sedem
1929 2798 2287 2864 apostolicam
2308 2798 2469 2863 depu-

463 2884 646 2934 tandis
682 2883 1010 2950 precipimus
1046 2894 1100 2933 et
1136 2885 1463 2934 mandamus
1501 2883 1763 2949 quatinus
1798 2883 1853 2933 in
1890 2883 2264 2943 citationibuS,
2300 2879 2469 2946 inqui-

463 2967 772 3030 sitionibus,
812 2978 867 3017 et
905 2968 1023 3018 aliis
1063 2969 1406 3034 processibus
1446 2986 1539 3034 per
1578 2986 1674 3018 vos
1712 2968 1927 3018 ratione
1965 2966 2281 3017 huiusmodi
2320 2961 2475 3014 officii

465 3052 632 3102 vestri
685 3052 1059 3118 Inquisitionis
1109 3053 1343 3103 heretice
1392 3052 1686 3119 pravitatis
1737 3063 1927 3103 contra
1976 3052 2120 3118 ipsos
2160 3051 2352 3101 Iudeos
2389 3048 2474 3098 vel

464 3156 651 3187 eorum
690 3138 929 3204 aliquem
968 3137 1128 3189 factis
1167 3156 1262 3188 seu
1301 3138 1355 3188 in
1394 3149 1558 3189 antea
1599 3137 1861 3188 faciendis
1901 3155 2089 3188 eorum
2128 3135 2471 3202 exceptiones

464 3219 519 3272 et
569 3222 908 3272 defensiones
959 3223 1230 3288 legitimas
1284 3233 1474 3273 contra
1526 3221 1842 3272 huiusmodi
1892 3215 2200 3283 citationes,
2252 3216 2471 3284 inquisi-

466 3307 641 3357 tiones
680 3317 736 3356 et
774 3325 1057 3373 processus
1098 3326 1191 3374 per
1229 3307 1375 3373 ipsos
1421 3307 1614 3357 Iudeos
1655 3306 1842 3356 debito
1871 3307 2031 3356 modo
2074 3303 2379 3372 propositas
2417 3310 2470 3350 et

467 3392 849 3456 proponendas
887 3391 941 3441 in
980 3402 1162 3455 antea,
1199 3402 1255 3441 et
1292 3391 1423 3442 alias
1461 3391 1607 3457 ipsos
1645 3391 1714 3441 ad
1744 3391 2154 3441 defendendum
2191 3407 2244 3440 se
2278 3387 2331 3437 in
2362 3403 2474 3460 pre?

470 3475 661 3537 missis,
693 3486 858 3541 prout
887 3475 1094 3526 iustum
1124 3475 1306 3540 fuerit,
1337 3475 1670 3537 admittatis,
1691 3475 1875 3541 eisque
1919 3475 2275 3526 articulorum
2317 3485 2472 3536 super

469 3555 666 3624 quibus
721 3553 1035 3610 huiusmodi
1088 3560 1396 3622 citationeS,
1451 3559 1832 3626 inquisitiones
1886 3571 1956 3630 etp
1995 3575 2275 3627 processus
2332 3554 2467 3611 fiunt

469 3662 563 3693 seu
605 3643 756 3704 fient,
798 3662 1008 3694 necnon
1049 3645 1476 3695 attestationum
1515 3653 1571 3693 et
1610 3643 1842 3694 aliarum
1884 3640 2271 3710 probationum
2311 3653 2465 3703 super

471 3727 571 3778 hiis
610 3728 1004 3793 productorum
1042 3739 1098 3778 et
1135 3739 1479 3795 receptorum
1518 3746 1580 3778 ac
1620 3729 2101 3793 producendorum
2138 3737 2193 3776 et
2210 3721 2464 3788 recipien-

473 3810 666 3863 dorum
728 3811 1088 3881 imposterum
1167 3813 1399 3884 copiam,
1464 3812 1507 3865 si
1571 3813 1722 3865 illam
1793 3812 2003 3864 debite
2040 3811 2314 3881 petierunt
2377 3812 2470 3857 aut
