2540 4354
409 386 506 437 262
793 401 1080 434 ΒυιιΑιΒΕ
1123 401 1198 434 DE
1265 381 1684 443 L’1NQu1s1T10N
1730 402 2046 444 FRANQAISE

1252 602 1576 661 -174—

480 767 551 816 Le
599 784 737 832 pape
784 765 1003 830 pre-serit
1053 784 1126 815 un
1173 766 1506 830 supplement
1554 765 1820 832 d'enquete
1867 767 2000 817 dans
2049 769 2101 817 la
2148 787 2301 817 cause
2348 768 2419 818 du

418 851 549 915 frere
598 849 806 900 minem·
853 848 1034 900 Pierre
1081 850 1275 910 Calvet,
1325 850 1396 899 du
1442 861 1657 900 convent
1702 850 1762 900 de
1812 850 2046 913 Milium,
2096 855 2276 902 accuse'
2323 871 2420 917 par

408 934 768 1001 l’inquisiteur
794 933 1007 999 Aymon
1032 934 1092 984 de
1119 935 1399 996 Caumont‚
1429 945 1473 984 et
1499 935 1623 984 dont
1650 936 1693 984 le
1720 940 1896 1000 proces
1923 946 1995 986 est
2022 937 2186 1001 confie'
2214 955 2284 985 αιι
2310 954 2417 986 car-

410 1020 561 1072 dinal
610 1018 914 1070 Guillaume
957 1019 1135 1070 Court.
1181 1046 1251 1054 --
1293 1019 1566 1084 Avignon‚
1613 1020 1678 1070 27
1721 1019 1901 1084 juillet
1947 1020 2097 1071 1339.

751 1153 857 1206 Reg.
890 1152 1045 1206 Aven„
1079 1160 1112 1194 t.
1147 1167 1242 1206 xm,
1275 1153 1351 1194 fol.
1385 1154 1488 1202 483;
1523 1154 1627 1206 Reg.
1667 1154 1781 1206 Vat„
1814 1162 1846 1195 t.
1883 1156 2246 1207 cxxv11,n.546;
2268 1156 2424 1208 Eubel,

697 1222 951 1264 Bullatium
971 1222 1313 1276 sranciscanam,
1337 1230 1371 1264 t.
1397 1238 1460 1276 v1,
1484 1239 1527 1278 p.
1552 1225 1622 1276 72,
1646 1239 1688 1264 n.
1714 1224 1795 1265 115
1823 1223 1888 1278 (ἱη
1909 1224 2024 1278 ext).

484 1344 709 1396 Dilectis
757 1343 930 1396 filiis..
975 1342 1255 1410 preposito
1301 1343 1621 1393 monasterii
1663 1343 2156 1410 Bellimontis1per
2187 1346 2423 1411 preposi-

411 1441 532 1480 tum
575 1428 722 1480 soliti
765 1427 1073 1494 gubernari,
1132 1437 1238 1480 et..
1284 1427 1451 1494 priori
1506 1428 1685 1478 sancti
1730 1429 1947 1479 Leontii
1989 1428 2026 1493 ²,
2074 1430 2308 1480 Vabren.
2370 1440 2426 1481 et

413 1514 726 1565 Ruthenen.
782 1512 1078 1574 diocesum,
1133 1512 1386 1562 salutem.
1442 1540 1510 1548 —
1564 1513 1787 1563 Dudum
1819 1531 1913 1579 per
1944 1512 2206 1563 dilectum
2255 1514 2424 1565 filium

411 1599 719 1665 Aymonem
757 1599 821 1648 de
861 1598 1221 1649 Calvomonte
1261 1597 1297 1659 3,
1338 1596 1540 1648 ordinis
1578 1596 2006 1663 predicatorum,
2044 1597 2423 1664 inquisitorem

410 1683 646 1734 heretice
686 1681 979 1748 pravitatis
1011 1682 1067 1732 in
1095 1700 1260 1748 regno
1297 1681 1541 1746 Francie‚
1590 1692 1778 1732 nostro
1814 1683 2153 1747 apostolatui
2169 1682 2425 1734 intimato

412 1769 557 1835 quod
621 1768 852 1819 dilectus
908 1769 1050 1819 filius
1092 1770 1285 1819 Petrus
1325 1767 1555 1830 Calveti‚
1609 1767 1811 1818 ordinis
1866 1768 2156 1830 minorum,
2207 1769 2262 1819 in
2310 1769 2425 1818 loco

411 1854 648 1905 fratrum
696 1853 831 1904 dicti
881 1853 1083 1904 ordinis
1134 1853 1199 1903 de
1250 1852 1523 1903 Amiliano
1556 1855 1593 1915 4,
1648 1854 1960 1903 Ruthenen.
2009 1853 2254 1914 diocesis,
2298 1871 2428 1904 non-

411 1939 559 1990 nulla
602 1949 791 1989 contra
836 1939 1002 1989 fidem
1042 1937 1373 1989 catholicam
1413 1947 1722 1988 asseruerat
1760 1948 1817 1988 et
1855 1938 2072 2004 publice
2113 1957 2296 1988 coram
2336 1956 2427 2004 po·

412 2024 540 2090 pulo
575 2024 905 2091 predicarat,
938 2034 994 2074 et
1028 2024 1175 2091 quod
1208 2023 1323 2090 ipse
1355 2022 1649 2089 inquisitor
1683 2023 1966 2089 quandam
1982 2023 2427 2074 informationem

411 2118 545 2159 tunc
580 2109 739 2169 nobis
774 2127 869 2177 per
904 2128 1030 2159 eum
1065 2110 1167 2160 sub
1203 2127 1300 2159 suo
1337 2108 1510 2174 sigillo
1547 2107 1931 2159 transmissam
1966 2108 2171 2159 fecerat
2205 2119 2261 2159 et
2289 2126 2430 2159 rece-

412 2204 596 2260 perat;
646 2212 745 2245 nos
795 2194 1044 2244 volentes
1095 2212 1258 2260 super
1307 2192 1410 2244 hiis
1461 2191 1757 2244 veritatem
1807 2192 2123 2259 diligentius
2153 2193 2428 2259 indagare,

416 2278 614 2329 dilecto
656 2278 766 2330 filio
805 2290 992 2330 nostro
1036 2278 1323 2330 Guillelmo
1343 2281 1380 2341 5,
1434 2278 1587 2330 tituli
1623 2288 1944 2330 sanctorum
1984 2278 2234 2342 Quatuor
2272 2279 2429 2330 Coro·

414 2375 673 2415 natorum
716 2363 1018 2431 presbitero
1064 2363 1347 2429 cardinali,
1392 2362 1765 2415 commisimus
1808 2374 1865 2413 et
1909 2363 2296 2414 mandavimus
2315 2383 2430 2415 ora-

414 2449 533 2500 culo
570 2448 695 2499 vive
734 2448 882 2499 vocis
921 2459 983 2498 ut
1020 2466 1182 2515 super
1220 2448 1494 2499 contentis
1532 2448 1588 2499 in
1624 2447 2016 2499 informatione
2068 2449 2313 2515 predicta
2365 2467 2432 2499 ex

415 2533 590 2584 officio
629 2532 955 2599 inquireret3
995 2543 1051 2584 et
1091 2551 1194 2599 que
1234 2551 1396 2600 super
1435 2533 1537 2584 hiis
1577 2533 1850 2584 inveniret
1888 2533 2044 2584 nobis
2083 2533 2316 2584 fideliter
2353 2551 2431 2583 re-

414 2620 551 2669 ferre
585 2628 818 2670 curaret.
855 2618 1050 2670 Coram
1085 2637 1192 2684 quo
1228 2617 1493 2670 cardinali
1525 2618 1740 2685 prefato
1776 2620 1938 2669 Petro
1969 2616 2024 2669 in
2056 2618 2255 2669 iudicio
2290 2637 2430 2669 com-

415 2714 640 2770 parente
675 2723 737 2754 ac
771 2722 866 2771 per
898 2722 1025 2754 eum
1060 2703 1394 2769 quibusdam
1429 2703 1685 2769 capitulis
1719 2703 1823 2753 sibi
1856 2721 1951 2769 per
1984 2702 2195 2754 dietum
2259 2701 2428 2754 cardi-

415 2789 595 2839 nalem
636 2806 799 2855 super
841 2787 1116 2855 premissis
1158 2787 1419 2838 exhibitis
1462 2787 1625 2839 factis
1667 2787 1943 2838 nonnullis
1985 2785 2428 2854 responsionibus

415 2883 471 2923 et
516 2883 705 2939 contra
753 2872 961 2925 dictam
1005 2872 1456 2925 informationem
1500 2872 1669 2939 ipsius
1714 2871 2054 2938 inquisitoris
2102 2872 2428 2938 quibusdam

415 2957 831 3024 exceptionibus
873 2957 1036 3020 datis,
1077 2976 1290 3008 necnon
1331 2976 1426 3024 per
1469 2960 1694 3009 Petrum
1735 2956 2015 3023 prefatum
2055 2958 2125 3007 ad
2166 2955 2429 3007 defensio-

415 3060 540 3092 nem
584 3061 741 3093 suam
786 3043 946 3093 certis
991 3042 1235 3093 articulis
1279 3042 1531 3093 formatis
1575 3052 1631 3092 et
1674 3040 1896 3093 traditis
1942 3059 2126 3092 coram
2171 3039 2431 3092 cardinali

417 3126 662 3192 predicto
711 3127 766 3178 in
815 3127 1064 3178 terminis
1108 3128 1177 3178 ad
1227 3126 1467 3193 singulos
1517 3136 1675 3178 actus
1738 3125 2056 3176 huiusmodi
2118 3125 2429 3191 supradicto

419 3214 579 3263 Petro
623 3212 927 3263 successive
971 3223 1027 3263 et
1071 3211 1438 3279 peremptorie
1482 3229 1577 3278 per
1621 3210 1955 3261 cardinalem
2013 3211 2249 3261 eundem
2305 3208 2431 3260 assi-

418 3297 623 3362 gnatis3
669 3297 795 3362 quia
842 3315 937 3363 per
979 3315 1041 3349 ea
1088 3315 1191 3363 que
1237 3314 1421 3347 coram
1466 3295 1681 3362 prefato
1728 3294 1991 3346 cardinali
2036 3295 2182 3360 apud
2229 3294 2430 3344 dictam

417 3381 612 3432 Sedem
650 3381 706 3431 in
744 3381 964 3447 negotio
1005 3382 1251 3448 predicto
1293 3391 1424 3432 sunt
1463 3381 1655 3431 habita
1696 3398 1807 3430 non
1846 3390 2037 3446 potest
2061 3379 2209 3445 apud
2242 3378 2429 3428 Sedem

418 3465 649 3516 eandem
686 3466 752 3516 de
788 3466 959 3532 ipsius
996 3466 1204 3531 negotii
1241 3465 1448 3516 meritis
1487 3466 1644 3531 plene
1675 3465 1900 3530 liquere,
1921 3463 2240 3514 discretioni
2257 3472 2431 3512 vestre

416 3566 512 3614 per
554 3549 858 3615 apostolica
903 3550 1107 3616 scripta
1156 3550 1484 3601 mandamus
1544 3548 1806 3615 quatinus
1851 3567 1948 3598 vos
2006 3548 2094 3597 vel
2150 3548 2287 3597 alter
2346 3562 2430 3594 ve·

416 3643 591 3683 strum
623 3643 812 3699 testes,
845 3634 1059 3686 litteras
1093 3645 1148 3684 et
1181 3635 1552 3685 instrumenta
1588 3651 1692 3699 que
1725 3633 1971 3699 prefatus
1994 3634 2185 3683 Petrus
2222 3626 2428 3681 Calveti

414 3734 575 3783 super
620 3717 779 3768 dictis
826 3719 935 3769 suis
982 3719 1226 3770 articulis
1274 3737 1410 3785 quos
1455 3719 1600 3769 idem
1648 3717 1938 3768 cardinalis
1983 3716 2139 3766 vobis
2186 3716 2286 3766 sub
2331 3730 2425 3763 suo

413 3799 584 3868 sigillo
639 3802 975 3856 transmittit
1028 3803 1282 3866 inclusos,
1338 3821 1523 3855 coram
1578 3802 1733 3855 vobis
1787 3801 2008 3854 duxerit
2073 3796 2418 3869 producenda
