2540 4354
465 403 567 455 394
854 419 1141 451 BULLAmE
1186 419 1256 448 DE
1301 400 1718 458 L’iNQmsnioN
1764 417 2077 461 FRANQAisE

465 536 676 588 nicatos
707 545 762 584 et
792 553 980 584 eorum
1013 544 1237 594 sectam,
1271 544 1481 584 statum
1515 552 1607 583 seu
1639 533 1806 583 ritum
1854 534 2165 585 huiusmodi
2211 553 2302 601 per
2346 555 2463 586 san·

466 631 611 671 ctam
651 629 883 669 matrem
924 617 1221 668 Ecclesiam
1260 618 1591 682 dampnatos
1611 636 1725 667 esse
1742 629 2205 683 recognoscentes,
2239 619 2465 684 cupiunt

467 702 778 755 huiusmodi
812 701 1063 752 habitum
1097 702 1308 752 abicere
1340 713 1394 751 et
1426 712 1651 762 sectam,
1686 713 1896 752 statum
1942 721 2034 753 seu
2080 704 2247 753 ritum
2295 705 2464 768 predi-

469 799 582 838 ctos
615 787 916 851 relinquere
949 797 1003 834 et
1039 788 1106 836 ad
1143 786 1358 836 caulam
1395 786 1566 851 gregis
1605 786 1862 836 dominici
1898 807 1959 838 ac
1982 787 2250 837 unitatem
2286 798 2468 838 sancte

471 872 658 922 matris
715 870 951 920 Ecclesie
1004 889 1268 936 perpenso
1322 870 1543 921 consilio
1596 889 1870 922 revocare.
1929 872 2173 938 Cumque
2224 873 2466 938 predicta
2529 890 2532 895 ’

475 956 711 1006 Ecclesia
767 966 1037 1021 tanquam
1092 955 1181 1021 pia
1237 966 1413 1006 mater
1470 955 1713 1005 fidelium
1767 975 1878 1006 non
1932 957 2155 1007 claudat
2209 957 2470 1022 gremium

470 1042 538 1091 ad
585 1059 706 1091 eam
753 1040 807 1091 in
855 1039 1185 1090 humilitatis
1232 1039 1428 1104 spiritu
1474 1040 1852 1101 redeuntibus,
1888 1041 2151 1106 quinymo
2185 1041 2470 1092 animabus

470 1125 748 1190 propriam
799 1125 1033 1175 salutem
1084 1123 1401 1174 sicientibus
1451 1124 1684 1175 libenter
1734 1124 1944 1175 fontem
1995 1125 2206 1191 aperiat
2233 1125 2470 1190 pietatis,

470 1209 785 1260 discretioni
830 1220 924 1258 tue
971 1226 1158 1259 omnes
1205 1219 1260 1259 et
1307 1209 1545 1274 singulos
1591 1210 2098 1261 excommunicatos
2132 1211 2348 1260 eosdem
2382 1210 2474 1276 qui

472 1295 786 1345 huiusmodi
822 1295 1094 1355 habitum,
1130 1305 1356 1356 sectam,
1394 1305 1604 1345 statum
1626 1313 1718 1345 seu
1753 1294 1922 1344 ritum
1959 1294 2282 1356 dimiserint,
2317 1306 2372 1344 et
2406 1296 2472 1346 ab

470 1379 1056 1430 excommunicationis
1122 1398 1214 1430 seu
1279 1379 1916 1430 excommunicationum
1982 1379 2297 1430 huiusmodi
2361 1398 2472 1430 sen-

472 1464 645 1514 tentia
689 1483 782 1514 seu
825 1465 1372 1531 sententiis,·quibus
1417 1475 1639 1530 propter
1682 1465 1942 1530 premissa
1986 1465 2071 1514 vel
2113 1465 2245 1515 alios
2288 1483 2472 1515 eorum

471 1567 720 1598 excessus
773 1548 927 1613 ligati
979 1549 1092 1598 fore
1145 1559 1466 1612 noscuntur,
1520 1549 1799 1600 humiliter
1851 1549 2110 1615 petierint
2145 1568 2199 1599 se
2249 1549 2473 1611 absolvi,

408 1648 411 1653 ’
471 1635 541 1684 ab
575 1634 778 1683 eisdem
812 1634 1116 1694 sententiis,
1151 1634 1254 1684 nisi
1287 1634 1419 1685 talia
1439 1634 1642 1685 fuerint
1676 1644 1900 1700 propter
1932 1652 2036 1699 que
2070 1634 2230 1684 Sedes
2262 1643 2475 1699 aposto-

471 1718 573 1769 lica
619 1718 688 1768 sit
733 1718 925 1768 merito
972 1719 1322 1780 consulenda,
1369 1730 1494 1784 post
1538 1718 1909 1769 dimissionem
1970 1718 2282 1768 huiusmodi
2324 1717 2475 1769 iuxta

474 1803 709 1853 formam
760 1803 996 1854 Ecclesie
1043 1815 1363 1856 consuetam
1411 1804 1746 1854 auctoritate
1793 1804 2094 1869 apostolica
2141 1802 2475 1864 absolvendi,

481 1887 739 1953 imposita
767 1888 841 1939 eis
870 1889 1174 1955 penitentia
1203 1889 1448 1950 salutari,
1478 1900 1533 1938 et
1574 1888 1691 1939 aliis
1722 1907 1826 1954 que
1854 1890 1920 1938 de
1946 1888 2060 1938 iure
2088 1888 2290 1939 fuerint
2307 1887 2478 1938 iniun-

477 1973 668 2036 genda,
699 1984 754 2023 et
783 1974 925 2024 inter
953 1975 1057 2025 alia
1090 1976 1235 2040 quod
1267 1975 1332 2025 de
1362 1985 1541 2023 cetero
1570 1973 1702 2023 talia
1733 1992 1842 2024 non
1873 1973 2244 2038 committant,
2266 1973 2478 2039 plenam

478 2058 824 2109 concedimus
856 2070 1045 2109 tenore
1076 2060 1412 2125 presentium
1444 2059 1787 2109 facultatem.
1824 2059 2086 2108 Volumus
2118 2069 2304 2108 autem
2336 2056 2477 2123 quod

478 2142 521 2192 si
561 2142 724 2193 iidem
764 2144 1004 2194 absoluti
1044 2154 1169 2210 post
1208 2144 1613 2195 absolutionem
1654 2142 1986 2213 huiusmodi-²
2002 2143 2056 2194 in
2094 2141 2478 2208 resumptione,

476 2227 803 2289 servatione,
837 2247 931 2278 seu
963 2229 1332 2280 immitatione
1367 2228 1482 2293 (sic)
1518 2228 1758 2289 habitus,
1792 2238 1954 2289 secte,
1988 2238 2185 2288 status,
2219 2245 2311 2277 seu
2341 2226 2476 2276 ritus

477 2312 847 2377 predictorum
898 2314 1248 2379 deliquerint,
1279 2314 1396 2379 ipso
1447 2313 1593 2363 facto
1643 2313 1700 2363 in
1749 2313 1951 2378 priores
2002 2311 2299 2363 sententias
2347 2310 2476 2360 rela-

481 2397 697 2447 bentur.
739 2426 807 2432 —-
846 2398 1054 2448 Datum
1093 2396 1369 2458 Avinioni,
1411 2397 1655 2447 kalendis
1694 2396 1969 2458 februarii,
2009 2415 2151 2447 anno
2190 2394 2368 2445 tertio.

534 2546 574 2586 1.
607 2547 803 2600 Jacques
832 2547 886 2588 de
915 2546 1068 2600 Morey
1101 2546 1175 2599 (ou
1203 2548 1258 2588 de
1286 2545 1478 2600 Moray),
1506 2545 1834 2600 bourguignon,
1863 2544 1977 2586 etait
2003 2545 2255 2599 professeur
2281 2545 2334 2585 de
2362 2542 2483 2584 theo-

476 2616 590 2669 logie
612 2618 637 2657 ἐι
659 2616 811 2658 l’ecole
834 2618 888 2658 de
910 2618 952 2658 la
976 2618 1234 2659 cathedrale
1255 2619 1310 2659 de
1332 2618 1476 2671 Lyon,
1499 2617 1676 2670 lorsque
1698 2617 2011 2669 l’archeveque
2034 2623 2080 2656 et
2100 2616 2139 2656 le
2162 2613 2362 2668 chapitre
2383 2626 2483 2666 sup-

477 2686 668 2740 plierent
697 2686 868 2728 Urbain
887 2689 924 2729 V
941 2688 995 2728 de
1023 2687 1132 2728 faire
1160 2689 1385 2729 admettre
1402 2701 1450 2728 ce
1467 2686 1696 2739 religieux,
1713 2686 2105 2727 recommandable
2133 2699 2214 2739 par
2241 2699 2289 2725 sa
2315 2683 2480 2724 science

478 2764 525 2797 et
544 2771 611 2798 ses
634 2765 803 2809 vertus,
825 2772 997 2798 comme
1027 2772 1044 2794 «
1065 2758 1234 2809 lecteur
1263 2773 1280 2795 »
1301 2759 1378 2799 des
1399 2758 1639 2798 Sentences
1661 2759 1686 2797 a
1708 2756 1998 2798 l’Universite
2020 2758 2074 2797 de
2098 2755 2235 2796 Paris.
2260 2752 2426 2796 Urbain
2445 2751 2482 2792 V

478 2820 641 2869 acced⁸a
664 2829 690 2868 a
714 2836 831 2870 cette
854 2830 1054 2882 requete,
1075 2829 1115 2869 le
1138 2830 1191 2869 26
1215 2827 1378 2869 fevrier
1399 2829 1525 2871 1363.
1553 2828 1622 2868 En
1644 2829 1789 2868 meme
1812 2835 1958 2880 temps
1981 2826 2010 2866 il
2033 2828 2222 2878 chargea
2243 2825 2283 2866 le
2304 2824 2484 2865 chance-

477 2897 557 2938 lier
581 2900 636 2939 de
663 2898 785 2939 Paris
811 2900 865 2939 de
890 2898 1093 2939 conferer
1115 2899 1140 2938 a
1166 2899 1378 2952 Jacques,
1402 2898 1470 2939 s’il
1496 2898 1583 2938 l’en
1607 2897 1781 2950 jugeait
1805 2897 1952 2950 digne,
1970 2898 2009 2937 le
2027 2896 2132 2937 titre
2157 2898 2212 2937 de
2236 2896 2418 2936 docteur
2440 2897 2484 2933 et

478 2968 517 3008 le
542 2968 732 3021 pouvoir
756 2968 1046 3022 d’enseigner.
1074 2969 1260 3021 Denille,
1287 2969 1497 3020 Chartul„
1523 2975 1555 3008 t.
1583 2982 1653 3020 111,
1679 2983 1721 3021 p.
1748 2969 1818 3019 98,
1843 2982 1886 3008 n.
1913 2968 2020 3008 1271
2050 2974 2096 3007 et
2120 2973 2238 3007 note.

545 3039 611 3079 En
636 3040 762 3091 1368,
786 3040 824 3080 le
844 3039 1087 3093 provincial
1105 3042 1160 3081 de
1179 3040 1346 3080 France
1363 3039 1403 3079 le
1420 3053 1601 3080 nomma
1620 3037 1886 3091 inquisiteur
1903 3039 1957 3079 de
1977 3037 2113 3078 Paris.
2133 3037 2332 3078 Clement
2348 3033 2432 3074 VII
2448 3031 2486 3081 1⁰.

481 3110 697 3150 confirma
717 3124 770 3150 en
788 3111 948 3163 charge
966 3124 1074 3150 onze
1092 3125 1172 3151 ans
1190 3110 1289 3163 plus
1307 3112 1425 3161 tard,
1443 3110 1481 3150 le
1499 3112 1523 3149 3
1542 3110 1776 3150 decembre
1794 3109 1904 3149 1379
1926 3108 1984 3160 (u.
2010 3108 2126 3159 312).
2154 3109 2210 3148 Ce
2225 3107 2327 3160 juge
2346 3105 2408 3155 fit,
2431 3115 2482 3143 en

482 3180 609 3231 1381,
629 3182 683 3221 de
703 3188 883 3221 concert
901 3194 1010 3221 avec
1029 3180 1234 3233 l'eveque
1251 3182 1306 3222 de
1328 3180 1466 3231 Paris,
1487 3195 1547 3220 un
1566 3182 1720 3233 proces
1740 3178 2034 3220 retentissant
2051 3193 2109 3219 au
2129 3178 2289 3231 prevot
2308 3175 2483 3227 Hugues

481 3250 676 3291 Aubriot
704 3251 762 3303 (n.
790 3252 872 3291 319
899 3259 945 3292 et
971 3250 1132 3303 notes).
1163 3249 1230 3290 En
1256 3251 1384 3302 1385,
1419 3265 1435 3286 «
1463 3251 1542 3302 age
1569 3249 1804 3291 d'environ
1830 3249 2075 3302 cinquante
2099 3262 2196 3299 ans,
2231 3261 2247 3283 »
2272 3245 2301 3285 il
2325 3245 2483 3297 deposa

482 3334 656 3361 comme
675 3321 844 3362 temoin
863 3322 887 3361 ἐι
905 3322 1066 3374 charge
1086 3322 1197 3362 dans
1215 3321 1255 3361 le
1273 3323 1427 3374 proces
1446 3320 1619 3361 intente
1639 3334 1720 3373 par
1736 3319 2026 3360 l’Universite
2046 3320 2070 3358 a
2090 3318 2117 3358 J
2122 3332 2204 3358 ean
2235 3314 2484 3363 Blanchart,

483 3391 747 3443 chancelier,
776 3393 934 3433 accuse
964 3391 1125 3433 d'abus
1156 3399 1202 3432 et
1230 3393 1284 3433 de
1314 3391 1514 3445 cupidite
1544 3392 1656 3431 dans
1685 3390 1727 3431 la
1757 3376 1969 3431 condition
1999 3391 2075 3430 des
2106 3389 2276 3441 grades.
2309 3381 2486 3432 Denisso,

483 3460 699 3514 Chartul„
726 3469 759 3502 t.
789 3476 859 3513 111,
886 3476 929 3502 n.
958 3462 1225 3509 1504-1522;
1254 3468 1450 3512 surtout,
1479 3460 1600 3502 chefs
1627 3459 1936 3501 d’accusation
1964 3474 1973 3499 z
2004 3474 2045 3499 n.
2079 3458 2210 3505 1511;
2245 3463 2291 3497 et
2319 3449 2486 3507 deposi-

483 3530 601 3573 tions
624 3533 700 3574 des
725 3533 941 3576 temoins:
966 3547 1008 3573 n.
1038 3532 1163 3573 1513.
1193 3522 1336 3572 Etant
1360 3530 1629 3585 inquisiteur
1654 3532 1709 3572 de
1737 3528 1770 3570 F
1772 3543 1920 3581 rauce,
1946 3529 1975 3570 il
2006 3537 2134 3580 recut
2161 3530 2186 3569 ἐι
2213 3527 2402 3584 diverses
2422 3533 2486 3562 re·

481 3601 639 3655 prises,
664 3604 720 3644 de
745 3602 948 3643 Clement
972 3602 1078 3653 VII,
1104 3602 1144 3642 le
1169 3601 1360 3656 pouvoir
1386 3601 1442 3642 de
1466 3600 1667 3642 conferer
1692 3600 1732 3640 le
1758 3601 1892 3652 grado
1918 3601 1973 3641 de
1999 3600 2186 3641 docteur
2211 3598 2236 3638 ὲ
2262 3592 2472 3651 plusieur·

485 3673 541 3714 de
566 3685 635 3714 ses
660 3672 795 3714 freres
823 3686 877 3713 en
902 3671 1101 3726 religion.
1133 3672 1290 3724 Eubel,
1316 3671 1480 3724 Avign.
1507 3670 1722 3711 Obedienz
1747 3670 1820 3710 der
1845 3666 2294 3710 Mendikantenorden
2308 3676 2382 3704 zur
2395 3657 2484 3729 Zoif

485 3743 557 3783 des
587 3742 771 3783 Grossen
796 3741 1031 3792 Schismas,
1058 3757 1100 3782 n.
1127 3743 1198 3792 72,
1224 3741 1323 3792 622,
1349 3742 1446 3782 749.
1676 3734 1679 3736 ’

554 3814 688 3865 Api-es
713 3812 933 3852 l‘e’lection
958 3814 1014 3854 de
1038 3812 1184 3853 Raoul
1209 3813 1264 3854 de
1287 3811 1598 3853 Bonneville·a
1622 3811 1819 3852 l’eveche
1843 3811 1898 3852 de
1922 3809 2087 3851 Vaison
2116 3808 2184 3861 (28
2207 3819 2325 3848 mars
2350 3799 2484 3852 1386),
