<?xml version="1.0" encoding="UTF-8"?>
<!DOCTYPE html PUBLIC "-//W3C//DTD XHTML 1.0 Transitional//EN"
    "http://www.w3.org/TR/xhtml1/DTD/xhtml1-transitional.dtd">
<html xmlns="http://www.w3.org/1999/xhtml" xml:lang="en" lang="en">
 <head>
  <title>
</title>
<meta http-equiv="Content-Type" content="text/html;charset=utf-8" />
  <meta name='ocr-system' content='tesseract 3.04.00' />
  <meta name='ocr-capabilities' content='ocr_page ocr_carea ocr_par ocr_line ocrx_word'/>
</head>
<body>
  <div class='ocr_page' id='page_1' title='image "./bullairedelinqui00cathuoft/bullairedelinqui00cathuoft_0327.png"; bbox 0 0 2540 4354; ppageno 0'>
   <div class='ocr_carea' id='block_1_1' title="bbox 964 389 2125 446">
    <p class='ocr_par' dir='ltr' id='par_1_1' title="bbox 964 389 2125 446">
     <span class='ocr_line' id='line_1_1' title="bbox 964 389 2125 446; baseline -0.003 -2"><span class='ocrx_word' id='word_1_1' title='bbox 964 411 1178 445; x_wconf 68' lang='lat' dir='ltr'><strong>annor-r</strong></span> <span class='ocrx_word' id='word_1_2' title='bbox 1221 413 1304 446; x_wconf 86' lang='lat' dir='ltr'><strong>x11</strong></span> <span class='ocrx_word' id='word_1_3' title='bbox 2023 389 2125 442; x_wconf 84' lang='lat'><strong>233</strong></span> 
     </span>
    </p>
   </div>
   <div class='ocr_carea' id='block_1_2' title="bbox 0 0 312 788">
    <p class='ocr_par' dir='ltr' id='par_1_2' title="bbox 0 0 312 788">
     <span class='ocr_line' id='line_1_2' title="bbox 0 0 312 788; baseline 0 0"><span class='ocrx_word' id='word_1_4' title='bbox 0 0 312 788; x_wconf 95' lang='lat' dir='ltr'><strong>    </strong></span> 
     </span>
    </p>
   </div>
   <div class='ocr_carea' id='block_1_3' title="bbox 8 525 2122 1925">
    <p class='ocr_par' dir='ltr' id='par_1_3' title="bbox 8 525 2121 1916">
     <span class='ocr_line' id='line_1_3' title="bbox 211 525 2121 589; baseline -0.003 -9"><span class='ocrx_word' id='word_1_5' title='bbox 211 529 426 581; x_wconf 89' lang='lat' dir='ltr'><strong>Dilecto</strong></span> <span class='ocrx_word' id='word_1_6' title='bbox 459 527 568 580; x_wconf 85' lang='lat' dir='ltr'><strong>filio</strong></span> <span class='ocrx_word' id='word_1_7' title='bbox 598 525 774 578; x_wconf 89' lang='lat' dir='ltr'><strong>nobili</strong></span> <span class='ocrx_word' id='word_1_8' title='bbox 801 525 916 576; x_wconf 89' lang='lat' dir='ltr'><strong>viro</strong></span> <span class='ocrx_word' id='word_1_9' title='bbox 949 527 1176 578; x_wconf 89' lang='lat' dir='ltr'><strong>Gastoni</strong></span> <span class='ocrx_word' id='word_1_10' title='bbox 1198 526 1234 589; x_wconf 83' lang='lat'><strong>¹,</strong></span> <span class='ocrx_word' id='word_1_11' title='bbox 1266 526 1453 578; x_wconf 89' lang='lat' dir='ltr'><strong>comiti</strong></span> <span class='ocrx_word' id='word_1_12' title='bbox 1484 526 1636 578; x_wconf 90' lang='lat' dir='ltr'><strong>Fuxi.</strong></span> <span class='ocrx_word' id='word_1_13' title='bbox 1668 528 1738 564; x_wconf 63' lang='lat'><strong>‘-</strong></span> <span class='ocrx_word' id='word_1_14' title='bbox 1765 526 1899 577; x_wconf 91' lang='lat' dir='ltr'><strong>Cum</strong></span> <span class='ocrx_word' id='word_1_15' title='bbox 1931 526 2121 576; x_wconf 90' lang='lat' dir='ltr'><strong>Petrus</strong></span> 
     </span>
     <span class='ocr_line' id='line_1_4' title="bbox 94 607 2119 676; baseline -0.002 -12"><span class='ocrx_word' id='word_1_16' title='bbox 94 627 95 631; x_wconf 74' lang='grc'>’</span> <span class='ocrx_word' id='word_1_17' title='bbox 138 613 206 664; x_wconf 84' lang='lat' dir='ltr'><strong>de</strong></span> <span class='ocrx_word' id='word_1_18' title='bbox 248 613 481 663; x_wconf 86' lang='lat' dir='ltr'><strong>Coarasa</strong></span> <span class='ocrx_word' id='word_1_19' title='bbox 504 609 543 672; x_wconf 82' lang='lat'><strong>⁸,</strong></span> <span class='ocrx_word' id='word_1_20' title='bbox 589 609 842 661; x_wconf 90' lang='lat' dir='ltr'><strong>Nicolaus</strong></span> <span class='ocrx_word' id='word_1_21' title='bbox 886 610 952 660; x_wconf 90' lang='lat' dir='ltr'><strong>de</strong></span> <span class='ocrx_word' id='word_1_22' title='bbox 995 609 1287 676; x_wconf 88' lang='lat' dir='ltr'><strong>Saintboys</strong></span> <span class='ocrx_word' id='word_1_23' title='bbox 1310 610 1348 674; x_wconf 84' lang='lat'><strong>⁸,</strong></span> <span class='ocrx_word' id='word_1_24' title='bbox 1393 627 1455 661; x_wconf 91' lang='lat' dir='ltr'><strong>ac</strong></span> <span class='ocrx_word' id='word_1_25' title='bbox 1498 609 1673 660; x_wconf 90' lang='lat' dir='ltr'><strong>dictus</strong></span> <span class='ocrx_word' id='word_1_26' title='bbox 1704 607 2011 675; x_wconf 82' lang='lat' dir='ltr'><strong>Lespaylier</strong></span> <span class='ocrx_word' id='word_1_27' title='bbox 2053 610 2119 659; x_wconf 91' lang='lat' dir='ltr'><strong>de</strong></span> 
     </span>
     <span class='ocr_line' id='line_1_5' title="bbox 137 689 2119 755; baseline -0.003 -8"><span class='ocrx_word' id='word_1_28' title='bbox 137 695 262 747; x_wconf 87' lang='lat' dir='ltr'><strong>Sola</strong></span> <span class='ocrx_word' id='word_1_29' title='bbox 291 704 350 745; x_wconf 87' lang='lat' dir='ltr'><strong>et</strong></span> <span class='ocrx_word' id='word_1_30' title='bbox 382 693 612 745; x_wconf 86' lang='lat' dir='ltr'><strong>Divinus</strong></span> <span class='ocrx_word' id='word_1_31' title='bbox 644 693 710 743; x_wconf 88' lang='lat' dir='ltr'><strong>de</strong></span> <span class='ocrx_word' id='word_1_32' title='bbox 742 692 912 744; x_wconf 89' lang='lat' dir='ltr'><strong>Salias</strong></span> <span class='ocrx_word' id='word_1_33' title='bbox 934 689 974 755; x_wconf 77' lang='lat'><strong>⁸,</strong></span> <span class='ocrx_word' id='word_1_34' title='bbox 1005 691 1144 744; x_wconf 79' lang='lat' dir='ltr'><strong>infra</strong></span> <span class='ocrx_word' id='word_1_35' title='bbox 1176 703 1346 743; x_wconf 91' lang='lat' dir='ltr'><strong>terras</strong></span> <span class='ocrx_word' id='word_1_36' title='bbox 1377 703 1469 743; x_wconf 92' lang='lat' dir='ltr'><strong>tue</strong></span> <span class='ocrx_word' id='word_1_37' title='bbox 1514 692 1708 743; x_wconf 90' lang='lat' dir='ltr'><strong>ditioni</strong></span> <span class='ocrx_word' id='word_1_38' title='bbox 1736 692 1982 743; x_wconf 90' lang='lat' dir='ltr'><strong>subditas</strong></span> <span class='ocrx_word' id='word_1_39' title='bbox 2026 709 2119 742; x_wconf 89' lang='lat' dir='ltr'><strong>seu</strong></span> 
     </span>
     <span class='ocr_line' id='line_1_6' title="bbox 80 775 2116 839; baseline -0.001 -9"><span class='ocrx_word' id='word_1_40' title='bbox 80 835 83 838; x_wconf 51' lang='grc'><strong>,</strong></span> <span class='ocrx_word' id='word_1_41' title='bbox 136 777 240 831; x_wconf 89' lang='lat' dir='ltr'><strong>tibi</strong></span> <span class='ocrx_word' id='word_1_42' title='bbox 276 777 483 829; x_wconf 87' lang='lat' dir='ltr'><strong>vicinas</strong></span> <span class='ocrx_word' id='word_1_43' title='bbox 521 785 938 839; x_wconf 78' lang='lat' dir='ltr'><strong>commorantes,</strong></span> <span class='ocrx_word' id='word_1_44' title='bbox 976 776 1041 826; x_wconf 88' lang='lat' dir='ltr'><strong>de</strong></span> <span class='ocrx_word' id='word_1_45' title='bbox 1079 776 1357 827; x_wconf 80' lang='lat' dir='ltr'><strong>maleficiis</strong></span> <span class='ocrx_word' id='word_1_46' title='bbox 1375 786 1431 826; x_wconf 87' lang='lat' dir='ltr'><strong>et</strong></span> <span class='ocrx_word' id='word_1_47' title='bbox 1465 775 1900 834; x_wconf 79' lang='lat' dir='ltr'><strong>invocationibus</strong></span> <span class='ocrx_word' id='word_1_48' title='bbox 1937 776 2116 827; x_wconf 91' lang='lat' dir='ltr'><strong>demo·</strong></span> 
     </span>
     <span class='ocr_line' id='line_1_7' title="bbox 138 858 2115 926; baseline -0.001 -14"><span class='ocrx_word' id='word_1_49' title='bbox 138 878 270 913; x_wconf 92' lang='lat' dir='ltr'><strong>num</strong></span> <span class='ocrx_word' id='word_1_50' title='bbox 303 860 531 926; x_wconf 88' lang='lat' dir='ltr'><strong>aliisque</strong></span> <span class='ocrx_word' id='word_1_51' title='bbox 563 858 892 911; x_wconf 77' lang='lat' dir='ltr'><strong>factionibus</strong></span> <span class='ocrx_word' id='word_1_52' title='bbox 924 859 1202 910; x_wconf 85' lang='lat' dir='ltr'><strong>horrendis</strong></span> <span class='ocrx_word' id='word_1_53' title='bbox 1234 860 1581 910; x_wconf 89' lang='lat' dir='ltr'><strong>vehementer</strong></span> <span class='ocrx_word' id='word_1_54' title='bbox 1612 859 1848 925; x_wconf 90' lang='lat' dir='ltr'><strong>suspecti</strong></span> <span class='ocrx_word' id='word_1_55' title='bbox 1878 869 1932 908; x_wconf 89' lang='lat' dir='ltr'><strong>et</strong></span> <span class='ocrx_word' id='word_1_56' title='bbox 1964 858 2115 910; x_wconf 79' lang='lat' dir='ltr'><strong>diffa-</strong></span> 
     </span>
     <span class='ocr_line' id='line_1_8' title="bbox 138 941 2119 1011; baseline -0.003 -14"><span class='ocrx_word' id='word_1_57' title='bbox 138 944 277 998; x_wconf 84' lang='lat' dir='ltr'><strong>mati</strong></span> <span class='ocrx_word' id='word_1_58' title='bbox 319 943 532 1011; x_wconf 89' lang='lat' dir='ltr'><strong>publice</strong></span> <span class='ocrx_word' id='word_1_59' title='bbox 574 961 638 994; x_wconf 92' lang='lat' dir='ltr'><strong>ac</strong></span> <span class='ocrx_word' id='word_1_60' title='bbox 681 942 992 1009; x_wconf 77' lang='lat' dir='ltr'><strong>culpabiles,</strong></span> <span class='ocrx_word' id='word_1_61' title='bbox 1035 942 1176 993; x_wconf 88' lang='lat' dir='ltr'><strong>sicut</strong></span> <span class='ocrx_word' id='word_1_62' title='bbox 1222 941 1490 1007; x_wconf 86' lang='lat' dir='ltr'><strong>fidedigna</strong></span> <span class='ocrx_word' id='word_1_63' title='bbox 1521 941 1709 993; x_wconf 91' lang='lat' dir='ltr'><strong>relatio</strong></span> <span class='ocrx_word' id='word_1_64' title='bbox 1754 941 2007 1008; x_wconf 84' lang='lat' dir='ltr'><strong>perduxit</strong></span> <span class='ocrx_word' id='word_1_65' title='bbox 2050 942 2119 992; x_wconf 92' lang='lat' dir='ltr'><strong>ad</strong></span> 
     </span>
     <span class='ocr_line' id='line_1_9' title="bbox 94 1024 2118 1101; baseline -0.002 -22"><span class='ocrx_word' id='word_1_66' title='bbox 94 1092 99 1101; x_wconf 27' lang='grc' dir='ltr'>ι</span> <span class='ocrx_word' id='word_1_67' title='bbox 137 1027 316 1080; x_wconf 85' lang='lat' dir='ltr'><strong>nostri</strong></span> <span class='ocrx_word' id='word_1_68' title='bbox 359 1026 700 1094; x_wconf 88' lang='lat' dir='ltr'><strong>apostolatus</strong></span> <span class='ocrx_word' id='word_1_69' title='bbox 747 1025 1019 1089; x_wconf 90' lang='lat' dir='ltr'><strong>auditum,</strong></span> <span class='ocrx_word' id='word_1_70' title='bbox 1065 1026 1325 1087; x_wconf 81' lang='lat' dir='ltr'><strong>existant,</strong></span> <span class='ocrx_word' id='word_1_71' title='bbox 1373 1044 1470 1075; x_wconf 91' lang='lat' dir='ltr'><strong>nos</strong></span> <span class='ocrx_word' id='word_1_72' title='bbox 1518 1026 1760 1076; x_wconf 88' lang='lat' dir='ltr'><strong>volentes</strong></span> <span class='ocrx_word' id='word_1_73' title='bbox 1807 1024 1938 1075; x_wconf 83' lang='lat' dir='ltr'><strong>scire</strong></span> <span class='ocrx_word' id='word_1_74' title='bbox 1985 1024 2118 1074; x_wconf 86' lang='lat' dir='ltr'><strong>veri·</strong></span> 
     </span>
     <span class='ocr_line' id='line_1_10' title="bbox 91 1106 2118 1176; baseline -0.002 -15"><span class='ocrx_word' id='word_1_75' title='bbox 91 1117 95 1126; x_wconf 79' lang='grc'><strong>’“</strong></span> <span class='ocrx_word' id='word_1_76' title='bbox 138 1118 314 1162; x_wconf 81' lang='lat' dir='ltr'><strong>tatem</strong></span> <span class='ocrx_word' id='word_1_77' title='bbox 352 1126 513 1176; x_wconf 89' lang='lat' dir='ltr'><strong>super</strong></span> <span class='ocrx_word' id='word_1_78' title='bbox 549 1107 822 1175; x_wconf 86' lang='lat' dir='ltr'><strong>premissis</strong></span> <span class='ocrx_word' id='word_1_79' title='bbox 862 1108 1069 1174; x_wconf 89' lang='lat' dir='ltr'><strong>plenius</strong></span> <span class='ocrx_word' id='word_1_80' title='bbox 1109 1128 1231 1159; x_wconf 91' lang='lat' dir='ltr'><strong>cum</strong></span> <span class='ocrx_word' id='word_1_81' title='bbox 1270 1109 1489 1170; x_wconf 91' lang='lat' dir='ltr'><strong>eisdem,</strong></span> <span class='ocrx_word' id='word_1_82' title='bbox 1529 1118 1591 1158; x_wconf 93' lang='lat' dir='ltr'><strong>ut</strong></span> <span class='ocrx_word' id='word_1_83' title='bbox 1629 1107 1808 1158; x_wconf 90' lang='lat' dir='ltr'><strong>debite</strong></span> <span class='ocrx_word' id='word_1_84' title='bbox 1847 1106 2037 1173; x_wconf 85' lang='lat' dir='ltr'><strong>corrigi</strong></span> <span class='ocrx_word' id='word_1_85' title='bbox 2072 1106 2118 1157; x_wconf 90' lang='lat' dir='ltr'><strong>si</strong></span> 
     </span>
     <span class='ocr_line' id='line_1_11' title="bbox 137 1191 2113 1259; baseline -0.002 -15"><span class='ocrx_word' id='word_1_86' title='bbox 137 1192 341 1245; x_wconf 85' lang='lat' dir='ltr'><strong>veritas</strong></span> <span class='ocrx_word' id='word_1_87' title='bbox 387 1194 715 1259; x_wconf 73' lang='lat' dir='ltr'><strong>suffragetur</strong></span> <span class='ocrx_word' id='word_1_88' title='bbox 757 1193 1017 1244; x_wconf 87' lang='lat' dir='ltr'><strong>relatibus</strong></span> <span class='ocrx_word' id='word_1_89' title='bbox 1065 1194 1303 1254; x_wconf 87' lang='lat' dir='ltr'><strong>valeant,</strong></span> <span class='ocrx_word' id='word_1_90' title='bbox 1349 1203 1404 1242; x_wconf 93' lang='lat' dir='ltr'><strong>et</strong></span> <span class='ocrx_word' id='word_1_91' title='bbox 1450 1191 1585 1243; x_wconf 91' lang='lat' dir='ltr'><strong>tales</strong></span> <span class='ocrx_word' id='word_1_92' title='bbox 1632 1191 1928 1243; x_wconf 78' lang='lat' dir='ltr'><strong>facinorose</strong></span> <span class='ocrx_word' id='word_1_93' title='bbox 1998 1209 2113 1258; x_wconf 90' lang='lat' dir='ltr'><strong>pre-</strong></span> 
     </span>
     <span class='ocr_line' id='line_1_12' title="bbox 81 1274 2112 1344; baseline -0.002 -15"><span class='ocrx_word' id='word_1_94' title='bbox 81 1307 87 1314; x_wconf 82' lang='lat'>=</span> <span class='ocrx_word' id='word_1_95' title='bbox 132 1276 474 1344; x_wconf 79' lang='lat' dir='ltr'><strong>sumptiones</strong></span> <span class='ocrx_word' id='word_1_96' title='bbox 532 1274 795 1337; x_wconf 86' lang='lat' dir='ltr'><strong>vitentur,</strong></span> <span class='ocrx_word' id='word_1_97' title='bbox 852 1276 1196 1328; x_wconf 87' lang='lat' dir='ltr'><strong>nobilitatem</strong></span> <span class='ocrx_word' id='word_1_98' title='bbox 1254 1287 1407 1328; x_wconf 90' lang='lat' dir='ltr'><strong>tuam</strong></span> <span class='ocrx_word' id='word_1_99' title='bbox 1465 1294 1735 1341; x_wconf 84' lang='lat' dir='ltr'><strong>rogamus,</strong></span> <span class='ocrx_word' id='word_1_100' title='bbox 1792 1274 2112 1340; x_wconf 90' lang='lat' dir='ltr'><strong>requirimus</strong></span> 
     </span>
     <span class='ocr_line' id='line_1_13' title="bbox 132 1357 2110 1426; baseline -0.003 -14"><span class='ocrx_word' id='word_1_101' title='bbox 132 1369 190 1412; x_wconf 78' lang='lat' dir='ltr'><strong>et</strong></span> <span class='ocrx_word' id='word_1_102' title='bbox 235 1359 292 1411; x_wconf 86' lang='lat' dir='ltr'><strong>in</strong></span> <span class='ocrx_word' id='word_1_103' title='bbox 340 1358 573 1411; x_wconf 91' lang='lat' dir='ltr'><strong>Domino</strong></span> <span class='ocrx_word' id='word_1_104' title='bbox 621 1359 889 1411; x_wconf 86' lang='lat' dir='ltr'><strong>attentius</strong></span> <span class='ocrx_word' id='word_1_105' title='bbox 935 1361 1288 1421; x_wconf 84' lang='lat' dir='ltr'><strong>exhortamur</strong></span> <span class='ocrx_word' id='word_1_106' title='bbox 1335 1358 1591 1426; x_wconf 88' lang='lat' dir='ltr'><strong>quatinus</strong></span> <span class='ocrx_word' id='word_1_107' title='bbox 1638 1357 2110 1425; x_wconf 88' lang='lat' dir='ltr'><strong>supranominatos</strong></span> 
     </span>
     <span class='ocr_line' id='line_1_14' title="bbox 97 1442 2112 1511; baseline -0.002 -13"><span class='ocrx_word' id='word_1_108' title='bbox 97 1477 102 1482; x_wconf 82' lang='grc'><strong>-</strong></span> <span class='ocrx_word' id='word_1_109' title='bbox 131 1455 191 1499; x_wconf 82' lang='lat' dir='ltr'><strong>et</strong></span> <span class='ocrx_word' id='word_1_110' title='bbox 221 1462 410 1496; x_wconf 87' lang='lat' dir='ltr'><strong>eorum</strong></span> <span class='ocrx_word' id='word_1_111' title='bbox 443 1444 681 1510; x_wconf 82' lang='lat' dir='ltr'><strong>singulos</strong></span> <span class='ocrx_word' id='word_1_112' title='bbox 715 1444 836 1511; x_wconf 89' lang='lat' dir='ltr'><strong>capi</strong></span> <span class='ocrx_word' id='word_1_113' title='bbox 868 1447 1090 1496; x_wconf 88' lang='lat' dir='ltr'><strong>solerter</strong></span> <span class='ocrx_word' id='word_1_114' title='bbox 1123 1445 1288 1496; x_wconf 75' lang='lat' dir='ltr'><strong>facias</strong></span> <span class='ocrx_word' id='word_1_115' title='bbox 1322 1456 1376 1495; x_wconf 89' lang='lat' dir='ltr'><strong>et</strong></span> <span class='ocrx_word' id='word_1_116' title='bbox 1409 1446 1477 1496; x_wconf 89' lang='lat' dir='ltr'><strong>ad</strong></span> <span class='ocrx_word' id='word_1_117' title='bbox 1512 1454 1753 1495; x_wconf 86' lang='lat' dir='ltr'><strong>nostram</strong></span> <span class='ocrx_word' id='word_1_118' title='bbox 1788 1442 2112 1510; x_wconf 84' lang='lat' dir='ltr'><strong>presentiam</strong></span> 
     </span>
     <span class='ocr_line' id='line_1_15' title="bbox 101 1525 2112 1593; baseline -0.003 -11"><span class='ocrx_word' id='word_1_119' title='bbox 101 1580 106 1582; x_wconf 71' lang='grc'>,</span> <span class='ocrx_word' id='word_1_120' title='bbox 136 1530 240 1582; x_wconf 85' lang='lat' dir='ltr'><strong>sub</strong></span> <span class='ocrx_word' id='word_1_121' title='bbox 271 1528 380 1579; x_wconf 84' lang='lat' dir='ltr'><strong>fida</strong></span> <span class='ocrx_word' id='word_1_122' title='bbox 411 1538 468 1579; x_wconf 91' lang='lat' dir='ltr'><strong>et</strong></span> <span class='ocrx_word' id='word_1_123' title='bbox 499 1545 685 1579; x_wconf 88' lang='lat' dir='ltr'><strong>secura</strong></span> <span class='ocrx_word' id='word_1_124' title='bbox 719 1528 965 1580; x_wconf 90' lang='lat' dir='ltr'><strong>custodia</strong></span> <span class='ocrx_word' id='word_1_125' title='bbox 997 1529 1257 1580; x_wconf 90' lang='lat' dir='ltr'><strong>destinari</strong></span> <span class='ocrx_word' id='word_1_126' title='bbox 1280 1530 1317 1591; x_wconf 80' lang='lat'><strong>⁶,</strong></span> <span class='ocrx_word' id='word_1_127' title='bbox 1348 1539 1402 1578; x_wconf 90' lang='lat' dir='ltr'><strong>te</strong></span> <span class='ocrx_word' id='word_1_128' title='bbox 1434 1528 1615 1578; x_wconf 87' lang='lat' dir='ltr'><strong>taliter</strong></span> <span class='ocrx_word' id='word_1_129' title='bbox 1644 1544 1803 1593; x_wconf 87' lang='lat' dir='ltr'><strong>super</strong></span> <span class='ocrx_word' id='word_1_130' title='bbox 1831 1526 1931 1576; x_wconf 90' lang='lat' dir='ltr'><strong>hiis</strong></span> <span class='ocrx_word' id='word_1_131' title='bbox 1963 1525 2112 1576; x_wconf 88' lang='lat' dir='ltr'><strong>habi·</strong></span> 
     </span>
     <span class='ocr_line' id='line_1_16' title="bbox 8 1610 2118 1679; baseline -0.001 -18"><span class='ocrx_word' id='word_1_132' title='bbox 8 1642 13 1653; x_wconf 64' lang='grc' dir='ltr'><strong>ι</strong></span> <span class='ocrx_word' id='word_1_133' title='bbox 100 1651 112 1661; x_wconf 86' lang='lat'><strong><em>.</em></strong></span> <span class='ocrx_word' id='word_1_134' title='bbox 134 1620 292 1665; x_wconf 76' lang='lat' dir='ltr'><strong>turus</strong></span> <span class='ocrx_word' id='word_1_135' title='bbox 331 1612 479 1679; x_wconf 86' lang='lat' dir='ltr'><strong>quod</strong></span> <span class='ocrx_word' id='word_1_136' title='bbox 517 1630 615 1663; x_wconf 92' lang='lat' dir='ltr'><strong>nos</strong></span> <span class='ocrx_word' id='word_1_137' title='bbox 654 1611 918 1663; x_wconf 88' lang='lat' dir='ltr'><strong>sinceram</strong></span> <span class='ocrx_word' id='word_1_138' title='bbox 957 1611 1303 1663; x_wconf 88' lang='lat' dir='ltr'><strong>devotionem</strong></span> <span class='ocrx_word' id='word_1_139' title='bbox 1342 1622 1496 1662; x_wconf 92' lang='lat' dir='ltr'><strong>tuam</strong></span> <span class='ocrx_word' id='word_1_140' title='bbox 1537 1629 1700 1677; x_wconf 92' lang='lat' dir='ltr'><strong>quam</strong></span> <span class='ocrx_word' id='word_1_141' title='bbox 1740 1611 1808 1660; x_wconf 92' lang='lat' dir='ltr'><strong>ad</strong></span> <span class='ocrx_word' id='word_1_142' title='bbox 1851 1610 2025 1660; x_wconf 91' lang='lat' dir='ltr'><strong>Deum</strong></span> <span class='ocrx_word' id='word_1_143' title='bbox 2064 1619 2118 1658; x_wconf 90' lang='lat' dir='ltr'><strong>et</strong></span> 
     </span>
     <span class='ocr_line' id='line_1_17' title="bbox 96 1692 2113 1765; baseline -0.004 -17"><span class='ocrx_word' id='word_1_144' title='bbox 96 1764 99 1765; x_wconf 15' lang='lat'><em>⁷</em></span> <span class='ocrx_word' id='word_1_145' title='bbox 132 1692 327 1748; x_wconf 85' lang='lat' dir='ltr'><strong>Sedem</strong></span> <span class='ocrx_word' id='word_1_146' title='bbox 365 1696 724 1763; x_wconf 89' lang='lat' dir='ltr'><strong>apostolicam</strong></span> <span class='ocrx_word' id='word_1_147' title='bbox 761 1705 815 1746; x_wconf 91' lang='lat' dir='ltr'><strong>te</strong></span> <span class='ocrx_word' id='word_1_148' title='bbox 852 1697 1047 1747; x_wconf 88' lang='lat' dir='ltr'><strong>habere</strong></span> <span class='ocrx_word' id='word_1_149' title='bbox 1085 1695 1304 1747; x_wconf 89' lang='lat' dir='ltr'><strong>indubie</strong></span> <span class='ocrx_word' id='word_1_150' title='bbox 1341 1694 1695 1762; x_wconf 86' lang='lat' dir='ltr'><strong>supponimus</strong></span> <span class='ocrx_word' id='word_1_151' title='bbox 1732 1693 1924 1743; x_wconf 86' lang='lat' dir='ltr'><strong>exinde</strong></span> <span class='ocrx_word' id='word_1_152' title='bbox 1972 1710 2113 1742; x_wconf 89' lang='lat' dir='ltr'><strong>com·</strong></span> 
     </span>
     <span class='ocr_line' id='line_1_18' title="bbox 110 1776 2122 1839; baseline -0.005 -7.05"><span class='ocrx_word' id='word_1_153' title='bbox 110 1784 113 1786; x_wconf 70' lang='grc'><strong>’</strong></span> <span class='ocrx_word' id='word_1_154' title='bbox 137 1779 396 1832; x_wconf 81' lang='lat' dir='ltr'><strong>mendare</strong></span> <span class='ocrx_word' id='word_1_155' title='bbox 434 1779 626 1831; x_wconf 88' lang='lat' dir='ltr'><strong>merito</strong></span> <span class='ocrx_word' id='word_1_156' title='bbox 657 1780 958 1831; x_wconf 65' lang='lat' dir='ltr'><strong>valeamus.</strong></span> <span class='ocrx_word' id='word_1_157' title='bbox 996 1808 1065 1816; x_wconf 97' lang='lat'>—</span> <span class='ocrx_word' id='word_1_158' title='bbox 1102 1781 1306 1830; x_wconf 91' lang='lat' dir='ltr'><strong>Datum</strong></span> <span class='ocrx_word' id='word_1_159' title='bbox 1345 1776 1616 1839; x_wconf 86' lang='lat' dir='ltr'><strong>Avinioni‚</strong></span> <span class='ocrx_word' id='word_1_160' title='bbox 1655 1796 1718 1827; x_wconf 86' lang='lat'><strong>111</strong></span> <span class='ocrx_word' id='word_1_161' title='bbox 1769 1793 1939 1827; x_wconf 88' lang='lat' dir='ltr'><strong>nonas</strong></span> <span class='ocrx_word' id='word_1_162' title='bbox 1977 1785 2122 1824; x_wconf 92' lang='lat' dir='ltr'><strong>octo-</strong></span> 
     </span>
     <span class='ocr_line' id='line_1_19' title="bbox 118 1861 725 1925; baseline -0.005 -9"><span class='ocrx_word' id='word_1_163' title='bbox 118 1861 259 1925; x_wconf 80' lang='lat' dir='ltr'><strong>-bris,</strong></span> <span class='ocrx_word' id='word_1_164' title='bbox 295 1880 439 1913; x_wconf 91' lang='lat' dir='ltr'><strong>anno</strong></span> <span class='ocrx_word' id='word_1_165' title='bbox 474 1863 725 1914; x_wconf 86' lang='lat' dir='ltr'><strong>secundo.</strong></span> 
     </span>
    </p>
   </div>
   <div class='ocr_carea' id='block_1_4' title="bbox 0 1516 300 3856">
    <p class='ocr_par' dir='ltr' id='par_1_4' title="bbox 0 1516 300 3856">
     <span class='ocr_line' id='line_1_20' title="bbox 0 1516 122 1837; baseline 0 -39"><span class='ocrx_word' id='word_1_166' title='bbox 0 1516 122 1837; x_wconf 95' lang='lat' dir='ltr'><strong>    </strong></span> 
     </span>
     <span class='ocr_line' id='line_1_21' title="bbox 0 1837 126 1992; baseline 0 0"><span class='ocrx_word' id='word_1_167' title='bbox 0 1837 126 1992; x_wconf 95' lang='lat' dir='ltr'><strong>  </strong></span> 
     </span>
     <span class='ocr_line' id='line_1_22' title="bbox 0 1992 232 2201; baseline 0 -34"><span class='ocrx_word' id='word_1_168' title='bbox 0 1992 232 2201; x_wconf 95' lang='lat' dir='ltr'><strong>   </strong></span> 
     </span>
     <span class='ocr_line' id='line_1_23' title="bbox 0 2201 185 2289; baseline 0 0"><span class='ocrx_word' id='word_1_169' title='bbox 0 2201 185 2289; x_wconf 95' lang='lat' dir='ltr'><strong>  </strong></span> 
     </span>
     <span class='ocr_line' id='line_1_24' title="bbox 0 2289 300 2542; baseline 0 -25"><span class='ocrx_word' id='word_1_170' title='bbox 0 2289 300 2542; x_wconf 95' lang='lat' dir='ltr'><strong>     </strong></span> 
     </span>
     <span class='ocr_line' id='line_1_25' title="bbox 0 2542 245 2607; baseline 0 0"><span class='ocrx_word' id='word_1_171' title='bbox 0 2542 245 2607; x_wconf 95' lang='lat' dir='ltr'><strong>  </strong></span> 
     </span>
     <span class='ocr_line' id='line_1_26' title="bbox 0 2607 190 3261; baseline 0 -606"><span class='ocrx_word' id='word_1_172' title='bbox 0 2607 190 3261; x_wconf 95' lang='lat' dir='ltr'><strong>    </strong></span> 
     </span>
     <span class='ocr_line' id='line_1_27' title="bbox 0 3261 290 3514; baseline 0 -112"><span class='ocrx_word' id='word_1_173' title='bbox 0 3261 290 3514; x_wconf 95' lang='lat' dir='ltr'><strong>   </strong></span> 
     </span>
     <span class='ocr_line' id='line_1_28' title="bbox 12 3514 213 3739; baseline 0 -68"><span class='ocrx_word' id='word_1_174' title='bbox 12 3514 213 3739; x_wconf 95' lang='lat' dir='ltr'><strong>   </strong></span> 
     </span>
     <span class='ocr_line' id='line_1_29' title="bbox 81 3739 154 3856; baseline 0 498"><span class='ocrx_word' id='word_1_175' title='bbox 81 3739 154 3856; x_wconf 95' lang='lat' dir='ltr'><strong> </strong></span> 
     </span>
    </p>
   </div>
   <div class='ocr_carea' id='block_1_5' title="bbox 107 2014 2122 2627">
    <p class='ocr_par' dir='ltr' id='par_1_5' title="bbox 107 2014 1934 2267">
     <span class='ocr_line' id='line_1_30' title="bbox 107 2014 1065 2069; baseline 0 -11"><span class='ocrx_word' id='word_1_176' title='bbox 107 2016 137 2039; x_wconf 69' lang='lat'><em>³</em></span> <span class='ocrx_word' id='word_1_177' title='bbox 188 2015 230 2058; x_wconf 81' lang='grc'><strong>1.</strong></span> <span class='ocrx_word' id='word_1_178' title='bbox 261 2014 432 2058; x_wconf 73' lang='lat' dir='ltr'><strong>Gnston</strong></span> <span class='ocrx_word' id='word_1_179' title='bbox 464 2015 531 2064; x_wconf 75' lang='lat'><strong>113</strong></span> <span class='ocrx_word' id='word_1_180' title='bbox 562 2015 660 2057; x_wconf 81' lang='lat' dir='ltr'><strong>voir</strong></span> <span class='ocrx_word' id='word_1_181' title='bbox 687 2030 732 2057; x_wconf 84' lang='lat' dir='ltr'><strong>n.</strong></span> <span class='ocrx_word' id='word_1_182' title='bbox 761 2016 861 2069; x_wconf 82' lang='grc'>144,</span> <span class='ocrx_word' id='word_1_183' title='bbox 890 2024 996 2058; x_wconf 88' lang='lat' dir='ltr'><strong>note</strong></span> <span class='ocrx_word' id='word_1_184' title='bbox 1025 2017 1065 2059; x_wconf 90' lang='lat'><strong>1.</strong></span> 
     </span>
     <span class='ocr_line' id='line_1_31' title="bbox 189 2083 1934 2139; baseline -0.002 -12"><span class='ocrx_word' id='word_1_185' title='bbox 189 2084 232 2127; x_wconf 82' lang='lat'><strong>2.</strong></span> <span class='ocrx_word' id='word_1_186' title='bbox 262 2083 476 2127; x_wconf 57' lang='lat' dir='ltr'><strong>eoam„</strong></span> <span class='ocrx_word' id='word_1_187' title='bbox 509 2084 700 2138; x_wconf 86' lang='lat' dir='ltr'><strong>(Basses-</strong></span> <span class='ocrx_word' id='word_1_188' title='bbox 704 2085 959 2139; x_wconf 70' lang='lat' dir='ltr'><strong>Pyrenees),</strong></span> <span class='ocrx_word' id='word_1_189' title='bbox 990 2093 1156 2128; x_wconf 85' lang='lat' dir='ltr'><strong>canton</strong></span> <span class='ocrx_word' id='word_1_190' title='bbox 1186 2087 1242 2128; x_wconf 91' lang='lat' dir='ltr'><strong>de</strong></span> <span class='ocrx_word' id='word_1_191' title='bbox 1276 2087 1395 2139; x_wconf 82' lang='lat' dir='ltr'><strong>Nay-</strong></span> <span class='ocrx_word' id='word_1_192' title='bbox 1378 2086 1497 2138; x_wconf 88' lang='lat' dir='ltr'><strong>-,Est</strong></span> <span class='ocrx_word' id='word_1_193' title='bbox 1527 2086 1704 2128; x_wconf 88' lang='lat' dir='ltr'><strong>arrond.</strong></span> <span class='ocrx_word' id='word_1_194' title='bbox 1737 2086 1793 2126; x_wconf 89' lang='lat' dir='ltr'><strong>de</strong></span> <span class='ocrx_word' id='word_1_195' title='bbox 1826 2084 1934 2125; x_wconf 86' lang='lat' dir='ltr'><strong>Pau.</strong></span> 
     </span>
     <span class='ocr_line' id='line_1_32' title="bbox 215 2153 1721 2209; baseline -0.001 -12.97"><span class='ocrx_word' id='word_1_196' title='bbox 215 2153 406 2197; x_wconf 78' lang='lat' dir='ltr'><strong>‚Saint-</strong></span> <span class='ocrx_word' id='word_1_197' title='bbox 406 2154 519 2197; x_wconf 71' lang='lat' dir='ltr'><strong>Boes</strong></span> <span class='ocrx_word' id='word_1_198' title='bbox 557 2153 750 2208; x_wconf 69' lang='lat' dir='ltr'><strong>(Baues-</strong></span> <span class='ocrx_word' id='word_1_199' title='bbox 754 2155 1006 2209; x_wconf 61' lang='lat' dir='ltr'><strong>Pyrenea),</strong></span> <span class='ocrx_word' id='word_1_200' title='bbox 1041 2163 1162 2198; x_wconf 84' lang='lat' dir='ltr'><strong>cant.</strong></span> <span class='ocrx_word' id='word_1_201' title='bbox 1199 2163 1246 2197; x_wconf 89' lang='lat' dir='ltr'><strong>et</strong></span> <span class='ocrx_word' id='word_1_202' title='bbox 1280 2157 1457 2200; x_wconf 89' lang='lat' dir='ltr'><strong>arrond</strong></span> <span class='ocrx_word' id='word_1_203' title='bbox 1494 2157 1523 2197; x_wconf 91' lang='lat' dir='ltr'><strong>d</strong></span> <span class='ocrx_word' id='word_1_204' title='bbox 1529 2155 1721 2197; x_wconf 82' lang='lat' dir='ltr'><strong>&#39;Orthez.</strong></span> 
     </span>
     <span class='ocr_line' id='line_1_33' title="bbox 138 2180 1366 2277; baseline 0.001 -11.04"><span class='ocrx_word' id='word_1_205' title='bbox 138 2180 228 2267; x_wconf 89' lang='grc'><strong>4.</strong></span> <span class='ocrx_word' id='word_1_206' title='bbox 258 2223 411 2277; x_wconf 67' lang='lat' dir='ltr'><strong>Salios,</strong></span> <span class='ocrx_word' id='word_1_207' title='bbox 441 2224 560 2266; x_wconf 75' lang='lat' dir='ltr'><strong>chet·</strong></span> <span class='ocrx_word' id='word_1_208' title='bbox 561 2224 649 2266; x_wconf 85' lang='lat' dir='ltr'><strong>lieu</strong></span> <span class='ocrx_word' id='word_1_209' title='bbox 677 2226 734 2267; x_wconf 88' lang='lat' dir='ltr'><strong>de</strong></span> <span class='ocrx_word' id='word_1_210' title='bbox 762 2233 896 2275; x_wconf 74' lang='lat' dir='ltr'><strong>cant..</strong></span> <span class='ocrx_word' id='word_1_211' title='bbox 930 2227 1106 2268; x_wconf 89' lang='lat' dir='ltr'><strong>arrond.</strong></span> <span class='ocrx_word' id='word_1_212' title='bbox 1137 2226 1183 2267; x_wconf 89' lang='lat' dir='ltr'><strong>d&#39;</strong></span> <span class='ocrx_word' id='word_1_213' title='bbox 1186 2225 1366 2267; x_wconf 84' lang='lat' dir='ltr'><strong>Orthez.</strong></span> 
     </span>
    </p>

    <p class='ocr_par' dir='ltr' id='par_1_6' title="bbox 118 2293 2122 2627">
     <span class='ocr_line' id='line_1_34' title="bbox 139 2293 2121 2349; baseline -0.001 -12.954"><span class='ocrx_word' id='word_1_214' title='bbox 139 2293 229 2336; x_wconf 80' lang='lat'><strong>5.</strong></span> <span class='ocrx_word' id='word_1_215' title='bbox 258 2293 321 2336; x_wconf 84' lang='lat' dir='ltr'><strong>Le</strong></span> <span class='ocrx_word' id='word_1_216' title='bbox 343 2307 460 2349; x_wconf 85' lang='lat' dir='ltr'><strong>pape</strong></span> <span class='ocrx_word' id='word_1_217' title='bbox 487 2294 588 2336; x_wconf 79' lang='lat' dir='ltr'><strong>fluit</strong></span> <span class='ocrx_word' id='word_1_218' title='bbox 610 2308 693 2349; x_wconf 89' lang='lat' dir='ltr'><strong>par</strong></span> <span class='ocrx_word' id='word_1_219' title='bbox 715 2308 926 2348; x_wconf 71' lang='lat' dir='ltr'><strong>envoyer,</strong></span> <span class='ocrx_word' id='word_1_220' title='bbox 951 2309 1005 2336; x_wconf 88' lang='lat' dir='ltr'><strong>en</strong></span> <span class='ocrx_word' id='word_1_221' title='bbox 1031 2296 1280 2347; x_wconf 73' lang='lat' dir='ltr'><strong>decembre,</strong></span> <span class='ocrx_word' id='word_1_222' title='bbox 1304 2296 1382 2337; x_wconf 84' lang='lat' dir='ltr'><strong>des</strong></span> <span class='ocrx_word' id='word_1_223' title='bbox 1406 2303 1605 2349; x_wconf 77' lang='lat' dir='ltr'><strong>sergents</strong></span> <span class='ocrx_word' id='word_1_224' title='bbox 1620 2295 1666 2337; x_wconf 84' lang='lat' dir='ltr'><strong>d·</strong></span> <span class='ocrx_word' id='word_1_225' title='bbox 1669 2309 1814 2336; x_wconf 86' lang='lat' dir='ltr'><strong>armes</strong></span> <span class='ocrx_word' id='word_1_226' title='bbox 1829 2293 1978 2348; x_wconf 73' lang='lat' dir='ltr'><strong>querir</strong></span> <span class='ocrx_word' id='word_1_227' title='bbox 2001 2295 2121 2335; x_wconf 85' lang='lat' dir='ltr'><strong>deux</strong></span> 
     </span>
     <span class='ocr_line' id='line_1_35' title="bbox 115 2359 2121 2419; baseline -0.002 -11.974"><span class='ocrx_word' id='word_1_228' title='bbox 115 2359 189 2411; x_wconf 67' lang='grc' dir='ltr'><strong>ἆ·</strong></span> <span class='ocrx_word' id='word_1_229' title='bbox 209 2375 280 2407; x_wconf 63' lang='grc' dir='ltr'><strong>ου</strong></span> <span class='ocrx_word' id='word_1_230' title='bbox 302 2363 559 2418; x_wconf 82' lang='lat' dir='ltr'><strong>coupables,</strong></span> <span class='ocrx_word' id='word_1_231' title='bbox 584 2363 730 2406; x_wconf 88' lang='lat' dir='ltr'><strong>Pierre</strong></span> <span class='ocrx_word' id='word_1_232' title='bbox 753 2365 809 2406; x_wconf 92' lang='lat' dir='ltr'><strong>de</strong></span> <span class='ocrx_word' id='word_1_233' title='bbox 833 2365 1047 2406; x_wconf 83' lang='lat' dir='ltr'><strong>Coarraze</strong></span> <span class='ocrx_word' id='word_1_234' title='bbox 1072 2372 1119 2407; x_wconf 87' lang='lat' dir='ltr'><strong>et</strong></span> <span class='ocrx_word' id='word_1_235' title='bbox 1144 2363 1256 2406; x_wconf 86' lang='lat' dir='ltr'><strong>Devi</strong></span> <span class='ocrx_word' id='word_1_236' title='bbox 1281 2365 1337 2407; x_wconf 89' lang='lat' dir='ltr'><strong>de</strong></span> <span class='ocrx_word' id='word_1_237' title='bbox 1360 2364 1500 2407; x_wconf 79' lang='lat' dir='ltr'><strong>Salios</strong></span> <span class='ocrx_word' id='word_1_238' title='bbox 1528 2364 1588 2419; x_wconf 92' lang='grc' dir='ltr'><strong>(ιι.</strong></span> <span class='ocrx_word' id='word_1_239' title='bbox 1614 2364 1712 2415; x_wconf 83' lang='grc'><strong>159,</strong></span> <span class='ocrx_word' id='word_1_240' title='bbox 1740 2363 1856 2416; x_wconf 84' lang='grc'><strong>160).</strong></span> <span class='ocrx_word' id='word_1_241' title='bbox 1886 2362 1944 2404; x_wconf 88' lang='lat' dir='ltr'><strong>Ils</strong></span> <span class='ocrx_word' id='word_1_242' title='bbox 1970 2364 2121 2404; x_wconf 71' lang='lat' dir='ltr'><strong>rurant</strong></span> 
     </span>
     <span class='ocr_line' id='line_1_36' title="bbox 227 2431 2122 2489; baseline -0.002 -13.968"><span class='ocrx_word' id='word_1_243' title='bbox 227 2431 338 2475; x_wconf 78' lang='lat' dir='ltr'><strong>aits</strong></span> <span class='ocrx_word' id='word_1_244' title='bbox 358 2434 384 2475; x_wconf 70' lang='lat' dir='ltr'><strong>a</strong></span> <span class='ocrx_word' id='word_1_245' title='bbox 406 2432 614 2487; x_wconf 72' lang='lat' dir='ltr'><strong>Avignon</strong></span> <span class='ocrx_word' id='word_1_246' title='bbox 636 2441 683 2475; x_wconf 88' lang='lat' dir='ltr'><strong>et</strong></span> <span class='ocrx_word' id='word_1_247' title='bbox 704 2435 883 2475; x_wconf 72' lang='lat' dir='ltr'><strong>ecroues</strong></span> <span class='ocrx_word' id='word_1_248' title='bbox 905 2435 931 2475; x_wconf 72' lang='lat' dir='ltr'><strong>a</strong></span> <span class='ocrx_word' id='word_1_249' title='bbox 953 2434 996 2476; x_wconf 88' lang='lat' dir='ltr'><strong>la</strong></span> <span class='ocrx_word' id='word_1_250' title='bbox 1019 2433 1169 2489; x_wconf 88' lang='lat' dir='ltr'><strong>prison</strong></span> <span class='ocrx_word' id='word_1_251' title='bbox 1192 2434 1368 2489; x_wconf 86' lang='lat' dir='ltr'><strong>papale,</strong></span> <span class='ocrx_word' id='word_1_252' title='bbox 1390 2449 1416 2475; x_wconf 93' lang='lat' dir='ltr'><strong>a</strong></span> <span class='ocrx_word' id='word_1_253' title='bbox 1439 2434 1482 2476; x_wconf 89' lang='lat' dir='ltr'><strong>la</strong></span> <span class='ocrx_word' id='word_1_254' title='bbox 1504 2433 1770 2488; x_wconf 82' lang='lat' dir='ltr'><strong>disposition</strong></span> <span class='ocrx_word' id='word_1_255' title='bbox 1791 2434 1847 2475; x_wconf 89' lang='lat' dir='ltr'><strong>de</strong></span> <span class='ocrx_word' id='word_1_256' title='bbox 1869 2432 2122 2474; x_wconf 86' lang='lat' dir='ltr'><strong>Guillaume</strong></span> 
     </span>
     <span class='ocr_line' id='line_1_37' title="bbox 118 2496 2117 2558; baseline -0.003 -11"><span class='ocrx_word' id='word_1_257' title='bbox 118 2496 197 2547; x_wconf 59' lang='lat' dir='ltr'>s</span> <span class='ocrx_word' id='word_1_258' title='bbox 256 2503 369 2556; x_wconf 87' lang='lat' dir='ltr'><strong>·,rd</strong></span> <span class='ocrx_word' id='word_1_259' title='bbox 393 2501 672 2557; x_wconf 85' lang='lat' dir='ltr'><strong>inquisiteur.</strong></span> <span class='ocrx_word' id='word_1_260' title='bbox 700 2503 783 2544; x_wconf 86' lang='lat' dir='ltr'><strong>Les</strong></span> <span class='ocrx_word' id='word_1_261' title='bbox 808 2503 1013 2557; x_wconf 79' lang='lat' dir='ltr'><strong>registres</strong></span> <span class='ocrx_word' id='word_1_262' title='bbox 1037 2505 1115 2545; x_wconf 85' lang='lat' dir='ltr'><strong>des</strong></span> <span class='ocrx_word' id='word_1_263' title='bbox 1140 2511 1342 2558; x_wconf 81' lang='lat' dir='ltr'><strong>comptos</strong></span> <span class='ocrx_word' id='word_1_264' title='bbox 1367 2505 1415 2546; x_wconf 78' lang='lat' dir='ltr'><strong>d(</strong></span> <span class='ocrx_word' id='word_1_265' title='bbox 1447 2504 1490 2546; x_wconf 89' lang='lat' dir='ltr'><strong>la</strong></span> <span class='ocrx_word' id='word_1_266' title='bbox 1515 2503 1735 2545; x_wconf 85' lang='lat' dir='ltr'><strong>Chambre</strong></span> <span class='ocrx_word' id='word_1_267' title='bbox 1761 2502 2038 2555; x_wconf 73' lang='lat' dir='ltr'><strong>temoignent</strong></span> <span class='ocrx_word' id='word_1_268' title='bbox 2062 2502 2117 2542; x_wconf 90' lang='lat' dir='ltr'><strong>de</strong></span> 
     </span>
     <span class='ocr_line' id='line_1_38' title="bbox 201 2524 2118 2627; baseline -0.002 -12.929"><span class='ocrx_word' id='word_1_269' title='bbox 201 2524 454 2627; x_wconf 68' lang='lat' dir='ltr'><strong>presence</strong></span> <span class='ocrx_word' id='word_1_270' title='bbox 476 2573 589 2615; x_wconf 85' lang='lat' dir='ltr'><strong>dans</strong></span> <span class='ocrx_word' id='word_1_271' title='bbox 612 2586 684 2614; x_wconf 90' lang='lat' dir='ltr'><strong>ces</strong></span> <span class='ocrx_word' id='word_1_272' title='bbox 706 2573 889 2615; x_wconf 84' lang='lat' dir='ltr'><strong>cachots</strong></span> <span class='ocrx_word' id='word_1_273' title='bbox 911 2584 967 2614; x_wconf 91' lang='lat' dir='ltr'><strong>en</strong></span> <span class='ocrx_word' id='word_1_274' title='bbox 990 2573 1086 2626; x_wconf 85' lang='lat' dir='ltr'><strong>juin</strong></span> <span class='ocrx_word' id='word_1_275' title='bbox 1111 2573 1475 2615; x_wconf 72' lang='lat' dir='ltr'><strong>1337.1n1m2·1u³</strong></span> <span class='ocrx_word' id='word_1_276' title='bbox 1497 2579 1534 2614; x_wconf 74' lang='lat' dir='ltr'><strong>et</strong></span> <span class='ocrx_word' id='word_1_277' title='bbox 1556 2572 1710 2624; x_wconf 72' lang='lat' dir='ltr'><strong>exitus,</strong></span> <span class='ocrx_word' id='word_1_278' title='bbox 1735 2579 1768 2613; x_wconf 87' lang='lat' dir='ltr'><strong>t.</strong></span> <span class='ocrx_word' id='word_1_279' title='bbox 1795 2585 1919 2622; x_wconf 63' lang='lat' dir='ltr'><strong>cmxx,</strong></span> <span class='ocrx_word' id='word_1_280' title='bbox 1942 2570 2017 2611; x_wconf 72' lang='lat' dir='ltr'><strong>iol.</strong></span> <span class='ocrx_word' id='word_1_281' title='bbox 2043 2572 2118 2614; x_wconf 83' lang='lat'><strong>95</strong></span> 
     </span>
    </p>
   </div>
   <div class='ocr_carea' id='block_1_6' title="bbox 17 2182 36 2242">
    <p class='ocr_par' dir='ltr' id='par_1_7' title="bbox 17 2182 36 2242">
     <span class='ocr_line' id='line_1_39' title="bbox 17 2182 36 2242; baseline 0 -13"><span class='ocrx_word' id='word_1_282' title='bbox 17 2182 36 2242; x_wconf 61' lang='grc' dir='ltr'><strong>ι</strong></span> 
     </span>
    </p>
   </div>
   <div class='ocr_carea' id='block_1_7' title="bbox 20 2275 30 2310">
    <p class='ocr_par' dir='ltr' id='par_1_8' title="bbox 20 2275 30 2310">
     <span class='ocr_line' id='line_1_40' title="bbox 20 2275 30 2310; baseline 0 -4"><span class='ocrx_word' id='word_1_283' title='bbox 20 2275 30 2310; x_wconf 67' lang='grc' dir='ltr'><strong>ζ,</strong></span> 
     </span>
    </p>
   </div>
   <div class='ocr_carea' id='block_1_8' title="bbox 954 3124 1264 3183">
    <p class='ocr_par' dir='ltr' id='par_1_9' title="bbox 954 3124 1264 3183">
     <span class='ocr_line' id='line_1_41' title="bbox 954 3124 1264 3183; baseline 0 0"><span class='ocrx_word' id='word_1_284' title='bbox 954 3158 1030 3168; x_wconf 92' lang='grc'>-</span> <span class='ocrx_word' id='word_1_285' title='bbox 1060 3124 1264 3183; x_wconf 83' lang='grc'><strong>157-</strong></span> 
     </span>
    </p>
   </div>
   <div class='ocr_carea' id='block_1_9' title="bbox 0 2438 2123 4114">
    <p class='ocr_par' dir='ltr' id='par_1_10' title="bbox 11 2438 2123 4143">
     <span class='ocr_line' id='line_1_42' title="bbox 22 2438 30 2500; baseline 0 0"><span class='ocrx_word' id='word_1_286' title='bbox 22 2438 30 2500; x_wconf 70' lang='lat' dir='ltr'><strong>l</strong></span> 
     </span>
     <span class='ocr_line' id='line_1_43' title="bbox 24 2525 42 2560; baseline 0 -3"><span class='ocrx_word' id='word_1_287' title='bbox 24 2525 42 2560; x_wconf 76' lang='grc' dir='ltr'><strong>ι,</strong></span> 
     </span>
     <span class='ocr_line' id='line_1_44' title="bbox 24 2557 2118 2697; baseline -0.001 -14"><span class='ocrx_word' id='word_1_288' title='bbox 24 2557 123 2643; x_wconf 55' lang='lat' dir='ltr'><strong>i</strong></span> <span class='ocrx_word' id='word_1_289' title='bbox 126 2637 247 2694; x_wconf 64' lang='lat' dir='ltr'><strong>{aar</strong></span> <span class='ocrx_word' id='word_1_290' title='bbox 271 2642 491 2684; x_wconf 77' lang='lat' dir='ltr'><strong>entretien</strong></span> <span class='ocrx_word' id='word_1_291' title='bbox 517 2642 651 2684; x_wconf 68' lang='lat' dir='ltr'><strong>coma</strong></span> <span class='ocrx_word' id='word_1_292' title='bbox 678 2643 732 2683; x_wconf 85' lang='lat'><strong>12</strong></span> <span class='ocrx_word' id='word_1_293' title='bbox 758 2643 932 2684; x_wconf 88' lang='lat' dir='ltr'><strong>deniers</strong></span> <span class='ocrx_word' id='word_1_294' title='bbox 959 2657 1041 2697; x_wconf 89' lang='lat' dir='ltr'><strong>par</strong></span> <span class='ocrx_word' id='word_1_295' title='bbox 1068 2643 1185 2696; x_wconf 82' lang='lat' dir='ltr'><strong>jour,</strong></span> <span class='ocrx_word' id='word_1_296' title='bbox 1212 2643 1301 2685; x_wconf 83' lang='lat' dir='ltr'><strong>soit</strong></span> <span class='ocrx_word' id='word_1_297' title='bbox 1341 2644 1394 2684; x_wconf 87' lang='grc'><strong>23</strong></span> <span class='ocrx_word' id='word_1_298' title='bbox 1436 2642 1602 2693; x_wconf 88' lang='lat' dir='ltr'><strong>ssorins,</strong></span> <span class='ocrx_word' id='word_1_299' title='bbox 1642 2642 1703 2683; x_wconf 91' lang='lat' dir='ltr'><strong>du</strong></span> <span class='ocrx_word' id='word_1_300' title='bbox 1758 2642 1811 2681; x_wconf 84' lang='lat'><strong>14</strong></span> <span class='ocrx_word' id='word_1_301' title='bbox 1853 2640 2028 2694; x_wconf 83' lang='lat' dir='ltr'><strong>janvier</strong></span> <span class='ocrx_word' id='word_1_302' title='bbox 2060 2653 2118 2681; x_wconf 92' lang='lat' dir='ltr'><strong>au</strong></span> 
     </span>
     <span class='ocr_line' id='line_1_45' title="bbox 26 2647 463 2918; baseline -0.002 -164"><span class='ocrx_word' id='word_1_303' title='bbox 26 2647 147 2918; x_wconf 61' lang='grc' dir='ltr'>ἒ</span> <span class='ocrx_word' id='word_1_304' title='bbox 125 2752 166 2764; x_wconf 16' lang='lat' dir='ltr'><strong>„v</strong></span> <span class='ocrx_word' id='word_1_305' title='bbox 211 2709 310 2764; x_wconf 78' lang='lat' dir='ltr'><strong>inin</strong></span> <span class='ocrx_word' id='word_1_306' title='bbox 337 2710 463 2753; x_wconf 80' lang='grc'><strong>1337.</strong></span> 
     </span>
     <span class='ocr_line' id='line_1_46' title="bbox 34 3077 2122 3377; baseline -0 -25"><span class='ocrx_word' id='word_1_307' title='bbox 34 3077 169 3354; x_wconf 76' lang='lat' dir='ltr'><strong>i</strong></span> <span class='ocrx_word' id='word_1_308' title='bbox 155 3296 275 3377; x_wconf 52' lang='lat'><strong>&amp;⁶¹⁴⁶</strong></span> <span class='ocrx_word' id='word_1_309' title='bbox 303 3315 439 3365; x_wconf 75' lang='lat' dir='ltr'><strong>pape</strong></span> <span class='ocrx_word' id='word_1_310' title='bbox 468 3298 678 3364; x_wconf 79' lang='lat' dir='ltr'><strong>de&#39;signe</strong></span> <span class='ocrx_word' id='word_1_311' title='bbox 716 3299 1014 3350; x_wconf 80' lang='lat' dir='ltr'><strong>Guillaume</strong></span> <span class='ocrx_word' id='word_1_312' title='bbox 1046 3300 1306 3351; x_wconf 85' lang='lat' dir='ltr'><strong>Lombard</strong></span> <span class='ocrx_word' id='word_1_313' title='bbox 1348 3320 1481 3367; x_wconf 84' lang='lat' dir='ltr'><strong>pour</strong></span> <span class='ocrx_word' id='word_1_314' title='bbox 1513 3300 1834 3366; x_wconf 60' lang='lat' dir='ltr'><strong>poursuivre,</strong></span> <span class='ocrx_word' id='word_1_315' title='bbox 1881 3318 1946 3350; x_wconf 82' lang='lat' dir='ltr'><strong>en</strong></span> <span class='ocrx_word' id='word_1_316' title='bbox 1990 3320 2122 3351; x_wconf 88' lang='lat' dir='ltr'><strong>com·</strong></span> 
     </span>
     <span class='ocr_line' id='line_1_47' title="bbox 40 3357 2123 3465; baseline 0 -33"><span class='ocrx_word' id='word_1_317' title='bbox 40 3357 138 3442; x_wconf 55' lang='lat' dir='ltr'>k</span> <span class='ocrx_word' id='word_1_318' title='bbox 160 3380 332 3465; x_wconf 72' lang='lat' dir='ltr'><strong>Jnio</strong></span> <span class='ocrx_word' id='word_1_319' title='bbox 373 3381 434 3437; x_wconf 75' lang='lat' dir='ltr'><strong>de</strong></span> <span class='ocrx_word' id='word_1_320' title='bbox 479 3383 735 3434; x_wconf 73' lang='lat' dir='ltr'><strong>Ber-tranei</strong></span> <span class='ocrx_word' id='word_1_321' title='bbox 777 3384 848 3434; x_wconf 81' lang='lat' dir='ltr'><strong>du</strong></span> <span class='ocrx_word' id='word_1_322' title='bbox 893 3383 1096 3448; x_wconf 77' lang='lat' dir='ltr'><strong>Poujet,</strong></span> <span class='ocrx_word' id='word_1_323' title='bbox 1157 3384 1414 3434; x_wconf 51' lang='lat' dir='ltr'><strong>cardinal·</strong></span> <span class='ocrx_word' id='word_1_324' title='bbox 1397 3387 1596 3450; x_wconf 63' lang='lat' dir='ltr'><strong>-e&#39;vdque</strong></span> <span class='ocrx_word' id='word_1_325' title='bbox 1639 3382 1848 3445; x_wconf 78' lang='lat' dir='ltr'><strong>d‘Ostie‚</strong></span> <span class='ocrx_word' id='word_1_326' title='bbox 1894 3395 1938 3433; x_wconf 77' lang='lat' dir='ltr'><strong>et</strong></span> <span class='ocrx_word' id='word_1_327' title='bbox 1996 3387 2028 3433; x_wconf 85' lang='grc' dir='ltr'>ἀ</span> <span class='ocrx_word' id='word_1_328' title='bbox 2072 3385 2123 3434; x_wconf 86' lang='lat' dir='ltr'><strong>la</strong></span> 
     </span>
     <span class='ocr_line' id='line_1_48' title="bbox 0 3464 2117 3603; baseline 0 -88.021"><span class='ocrx_word' id='word_1_329' title='bbox 0 3465 59 3603; x_wconf 24' lang='grc' dir='ltr'><strong>’ξιξ</strong></span> <span class='ocrx_word' id='word_1_330' title='bbox 269 3464 383 3515; x_wconf 79' lang='lat' dir='ltr'><strong>de</strong></span> <span class='ocrx_word' id='word_1_331' title='bbox 424 3466 660 3517; x_wconf 75' lang='lat' dir='ltr'><strong>Ber-nard</strong></span> <span class='ocrx_word' id='word_1_332' title='bbox 699 3465 747 3516; x_wconf 84' lang='lat' dir='ltr'><strong>d’</strong></span> <span class='ocrx_word' id='word_1_333' title='bbox 755 3466 899 3526; x_wconf 82' lang='lat' dir='ltr'><strong>Albi,</strong></span> <span class='ocrx_word' id='word_1_334' title='bbox 942 3470 1240 3518; x_wconf 80' lang='lat' dir='ltr'><strong>re&#39;cemment</strong></span> <span class='ocrx_word' id='word_1_335' title='bbox 1291 3486 1478 3533; x_wconf 86' lang='lat' dir='ltr'><strong>promu</strong></span> <span class='ocrx_word' id='word_1_336' title='bbox 1517 3471 1549 3516; x_wconf 86' lang='grc' dir='ltr'>ὰ</span> <span class='ocrx_word' id='word_1_337' title='bbox 1590 3467 1798 3517; x_wconf 72' lang='grc' dir='ltr'><strong><em>Ρένέεὴέ</em></strong></span> <span class='ocrx_word' id='word_1_338' title='bbox 1837 3468 1896 3516; x_wconf 84' lang='lat' dir='ltr'><strong>de</strong></span> <span class='ocrx_word' id='word_1_339' title='bbox 1940 3467 2117 3527; x_wconf 69' lang='lat' dir='ltr'><strong>Roda,</strong></span> 
     </span>
     <span class='ocr_line' id='line_1_49' title="bbox 213 3548 2117 3616; baseline 0.003 -19"><span class='ocrx_word' id='word_1_340' title='bbox 213 3552 388 3612; x_wconf 64' lang='lat' dir='ltr'><strong>proces</strong></span> <span class='ocrx_word' id='word_1_341' title='bbox 418 3548 489 3598; x_wconf 83' lang='lat' dir='ltr'><strong>du</strong></span> <span class='ocrx_word' id='word_1_342' title='bbox 515 3549 838 3614; x_wconf 57' lang='lat' dir='ltr'><strong>franci-&#39;cain</strong></span> <span class='ocrx_word' id='word_1_343' title='bbox 861 3549 1158 3600; x_wconf 77' lang='lat' dir='ltr'><strong>Guillaume</strong></span> <span class='ocrx_word' id='word_1_344' title='bbox 1186 3550 1245 3600; x_wconf 83' lang='lat' dir='ltr'><strong>de</strong></span> <span class='ocrx_word' id='word_1_345' title='bbox 1273 3551 1608 3614; x_wconf 79' lang='lat' dir='ltr'><strong>Castiglione,</strong></span> <span class='ocrx_word' id='word_1_346' title='bbox 1641 3550 1847 3616; x_wconf 52' lang='lat' dir='ltr'><strong>inculpa</strong></span> <span class='ocrx_word' id='word_1_347' title='bbox 1874 3550 1921 3600; x_wconf 85' lang='lat' dir='ltr'><strong>d’</strong></span> <span class='ocrx_word' id='word_1_348' title='bbox 1928 3549 2117 3602; x_wconf 67' lang='lat' dir='ltr'><strong>here&#39;sie</strong></span> 
     </span>
     <span class='ocr_line' id='line_1_50' title="bbox 134 3613 1454 3697; baseline 0.005 -19.151"><span class='ocrx_word' id='word_1_349' title='bbox 134 3613 277 3681; x_wconf 53' lang='lat' dir='ltr'><strong>&#39;lde</strong></span> <span class='ocrx_word' id='word_1_350' title='bbox 302 3629 536 3683; x_wconf 70' lang='lat' dir='ltr'><strong>schisma.</strong></span> <span class='ocrx_word' id='word_1_351' title='bbox 568 3660 635 3668; x_wconf 96' lang='lat'>—</span> <span class='ocrx_word' id='word_1_352' title='bbox 664 3632 930 3697; x_wconf 84' lang='lat' dir='ltr'><strong>Avignon,</strong></span> <span class='ocrx_word' id='word_1_353' title='bbox 964 3632 1027 3683; x_wconf 89' lang='lat'><strong>18</strong></span> <span class='ocrx_word' id='word_1_354' title='bbox 1058 3635 1273 3683; x_wconf 89' lang='lat' dir='ltr'><strong>octobre</strong></span> <span class='ocrx_word' id='word_1_355' title='bbox 1307 3634 1454 3685; x_wconf 88' lang='lat'><strong>1336.</strong></span> 
     </span>
     <span class='ocr_line' id='line_1_51' title="bbox 154 4091 158 4114; baseline -0.007 28.027"><span class='ocrx_word' id='word_1_356' title='bbox 154 4091 158 4114; x_wconf 80' lang='lat'>³</span> 
     </span>
    </p>
   </div>
   <div class='ocr_carea' id='block_1_10' title="bbox 7 4145 76 4354">
    <p class='ocr_par' dir='ltr' id='par_1_11' title="bbox 7 4145 182 4354">
     <span class='ocr_line' id='line_1_52' title="bbox 7 4145 76 4354; baseline 0 -176"><span class='ocrx_word' id='word_1_357' title='bbox 7 4145 76 4354; x_wconf 38' lang='lat' dir='ltr'>l</span> 
     </span>
    </p>
   </div>
   <div class='ocr_carea' id='block_1_11' title="bbox 44 3556 69 3825">
    <p class='ocr_par' dir='ltr' id='par_1_12' title="bbox 44 3556 69 3825">
     <span class='ocr_line' id='line_1_53' title="bbox 44 3556 69 3825; baseline 0 529"><span class='ocrx_word' id='word_1_358' title='bbox 44 3556 69 3825; x_wconf 95' lang='lat' dir='ltr'><strong> </strong></span> 
     </span>
    </p>
   </div>
   <div class='ocr_carea' id='block_1_12' title="bbox 478 3761 1463 3815">
    <p class='ocr_par' dir='ltr' id='par_1_13' title="bbox 478 3761 1463 3815">
     <span class='ocr_line' id='line_1_54' title="bbox 478 3761 1463 3815; baseline 0.003 -13"><span class='ocrx_word' id='word_1_359' title='bbox 478 3761 581 3814; x_wconf 71' lang='lat' dir='ltr'><strong>ng.</strong></span> <span class='ocrx_word' id='word_1_360' title='bbox 618 3761 731 3815; x_wconf 64' lang='lat' dir='ltr'><strong>Van„</strong></span> <span class='ocrx_word' id='word_1_361' title='bbox 764 3770 792 3803; x_wconf 75' lang='lat' dir='ltr'><strong>t„</strong></span> <span class='ocrx_word' id='word_1_362' title='bbox 830 3762 1099 3814; x_wconf 73' lang='lat' dir='ltr'><strong>cxxx1,1&#39;ol.</strong></span> <span class='ocrx_word' id='word_1_363' title='bbox 1134 3777 1260 3815; x_wconf 76' lang='lat' dir='ltr'><strong>xcxv,</strong></span> <span class='ocrx_word' id='word_1_364' title='bbox 1292 3779 1334 3805; x_wconf 91' lang='grc' dir='ltr'><strong>ιι.</strong></span> <span class='ocrx_word' id='word_1_365' title='bbox 1366 3765 1463 3805; x_wconf 82' lang='lat'><strong>348</strong></span> 
     </span>
    </p>
   </div>
  </div>
 </body>
</html>
