2540 4354
1014 399 1230 434 vunnu
1268 402 1301 433 v
2004 384 2104 436 373

91 521 183 578 ῥῆμ’
205 540 227 561 v
288 535 312 568 s
343 525 655 567 ”verenter
684 514 935 580 receptis,
970 514 1111 564 sicut
1144 516 1449 566 obedientie
1487 517 1597 577 filii,
1632 518 1700 567 ad
1719 517 2096 567 executionem

114 609 499 656 ”mutorum
526 598 584 649 in
609 597 739 664 ipsis
766 597 962 648 litteris
993 598 1365 662 procedentes,
1392 599 1610 650 eosdem
1640 600 1843 650 nobiles
1871 618 1934 650 ac
1963 617 2095 650 non·

115 682 293 739 nullos
319 691 492 733 testes
520 679 877 732 examinastis
908 689 965 729 et
996 680 1065 729 ad
1099 679 1201 730 alia
1238 681 1567 745 processistis
1602 692 1764 747 prout
1793 682 1983 732 extitit
2013 700 2095 732 ra·

111 805 113 812 ,
179 764 307 827 nis3
342 781 449 831 que
484 762 666 815 omnia
701 762 757 814 in
793 762 1099 813 auttentica
1138 763 1329 824 forma,
1367 773 1448 823 tu,
1489 764 1562 814 fili
1599 764 1902 830 inquisitor,
1938 764 2094 815 nobis

105 849 124 910 ἐξ
168 887 171 891 ,
252 846 471 899 naliter
503 845 767 898 detulisti.
808 845 1007 896 Verum
1044 845 1171 911 quia
1209 845 1308 896 hiis
1345 847 1491 911 apud
1526 847 1883 912 apostolicam
1900 848 2092 899 Sedem

93 911 176 997 ξ’·
236 947 333 982 ure
369 929 624 982 discussis
650 928 808 980 nobis
834 946 930 995 pro
958 927 1148 979 maiori
1189 929 1490 993 prolatione
1531 930 1748 981 videtur
1774 931 1918 996 quod
1959 929 2093 981 dicti

104 1011 323 1076 flebiles
358 1029 423 1064 ac
457 1012 621 1064 iidem
658 1021 826 1063 testes
863 1010 930 1062 de
966 1028 1110 1062 novo
1146 1020 1203 1060 et
1237 1011 1329 1062 alii
1364 1012 1531 1063 etiam
1569 1022 1733 1063 testes
1769 1013 1948 1064 adhuc
1985 1012 2093 1077 ple-

109 1078 237 1154 fiius
261 1095 667 1157 examinentur,
693 1094 946 1145 volumus
973 1112 1036 1145 ac
1063 1093 1218 1144 vobis
1245 1105 1300 1144 et
1327 1094 1548 1145 cuilibet
1576 1106 1818 1146 vestrum
1845 1095 2095 1145 commit·

110 1176 284 1234 fimus
309 1188 367 1230 et
395 1179 720 1231 mandamus
750 1177 1009 1244 quatinus
1038 1196 1147 1227 non
1176 1178 1432 1228 obstante
1462 1178 1650 1243 quod
1636 1197 1691 1228 ιιι
1720 1196 1969 1244 processu
1998 1196 2091 1228 seu

105 1279 137 1313 ι-
199 1278 279 1315 sa
318 1256 630 1314 huiusmodi
667 1280 762 1328 per
800 1279 898 1312 vos
937 1261 1010 1312 sit
1049 1261 1362 1311 conclusum
1400 1271 1456 1311 e't
1496 1279 1589 1327 per
1625 1262 1842 1311 eosdem
1883 1260 2090 1311 nobiles

112 1399 117 1401 ,
172 1363 207 1397 ιι
262 1346 528 1412 quosdam
581 1363 651 1397 ex
704 1345 779 1396 eis
854 1344 1233 1396 renunciatum
1317 1343 1717 1395 defensionibus
1814 1343 2090 1404 faciendis,

296 1454 319 1473 ι·
367 1428 477 1481 iam
511 1440 757 1496 receptos
790 1438 847 1479 et
882 1427 1014 1478 alios
1050 1437 1216 1478 testes
1253 1428 1319 1478 de
1353 1445 1495 1478 novo
1529 1426 1839 1479 examinare
1875 1425 2089 1486 curetis,

168 1537 174 1553 ι
217 1521 407 1563 eontra
446 1511 590 1578 ipsos
628 1511 832 1562 nobiles
871 1511 1003 1562 alias
1044 1510 1347 1575 procedatis
1388 1520 1548 1575 prout
1586 1510 1808 1560 rationis
1846 1507 2091 1558 extiterit

198 1610 289 1645 ue
326 1595 396 1646 ad
438 1593 786 1646 diffinitivam
825 1593 1155 1645 sententiam
1197 1593 1471 1644 inclusive.
1515 1593 1698 1642 Testes
1740 1602 1942 1652 autern,
1983 1600 2087 1641 etc.

117 1688 146 1751 g.
208 1676 413 1730 Datum
443 1667 715 1740 Avinioni,
760 1695 834 1728 xv
866 1677 1122 1729 kalendas
1151 1676 1351 1743 aprilis,
1381 1694 1522 1727 anno
1556 1675 1735 1725 tercio.

130 1766 174 1791 ..ς’

147 1841 204 1887 vi.
233 1843 340 1887 Veis·
359 1857 436 1887 sm·
456 1852 575 1888 cette
595 1844 750 1887 affairs
773 1844 812 1887 le
835 1859 878 1886 u.
902 1844 985 1886 236
1008 1851 1055 1887 et
1076 1843 1138 1886 les
1161 1850 1301 1886 notes.

20 1957 30 1978 x·
118 1902 147 1957 ²⁴²}
231 1913 640 1965 Rffletnom·

116 1982 286 2044 vv,0015
314 1983 411 2028 248.

941 2402 1275 2462 -255—

162 2543 544 2629 L'crchevdque
579 2562 639 2612 de
678 2563 963 2614 Nar-bonne
998 2564 1152 2614 deora
1188 2564 1505 2615 indemni-ser
1541 2566 1892 2630 l’inquisiteur
1935 2568 2082 2618 Guil-

186 2646 202 2706 f
307 2644 576 2696 Chevalier
608 2656 653 2696 et
687 2647 732 2696 le
766 2647 893 2698 clerc
929 2648 1153 2714 lacque-s
1189 2648 1398 2713 Sophie,
1436 2652 1648 2713 occupe’s
1683 2667 1753 2697 αα
1787 2668 1959 2714 proces
1993 2651 2079 2700 des

244 2725 535 2793 ωρίωίηοε
567 2728 628 2779 de
659 2729 1032 2795 Compagm'es,
1067 2734 1100 2780 ὰ
1132 2730 1288 2780 l'aide
1320 2731 1406 2780 des
1438 2749 1655 2779 somme-3
1688 2730 1919 2795 d’argent
1951 2733 2081 2798 qu’il

293 2847 298 2850 -
337 2813 400 2873 ,ὰ
427 2809 542 2861 titre
569 2811 631 2862 de
659 2812 1027 2875 contribution,
1059 2813 1145 2863 des
1176 2814 1365 2878 pre'lats
1395 2814 1466 2862 du
1497 2813 1818 2877 Languedoc.
1853 2843 1919 2850 —
1950 2815 2074 2867 Avi-

160 2888 234 2930 Ὗῑ
291 2890 357 2944 18
387 2911 528 2946 mars
561 2894 694 2946 1365
717 2894 754 2949 ¹.

438 3025 544 3081 Bag.
571 3025 686 3081 Vae„
709 3036 743 3071 t.
768 3043 971 3085 cenavit,
995 3032 1069 3074 rol.
1094 3033 1146 3074 64
1174 3036 1243 3080 νος
1267 3032 1543 3083 Leoacheux,
1565 3047 1633 3086 ορ.
1659 3032 1745 3084 cit„
1770 3047 1811 3073 ιι.
1838 3032 1958 3073 1642.

168 3136 478 3198 mefflrabili
539 3145 760 3198 fratri..
825 3148 1228 3215 archiepiscopo
1283 3150 1608 3210 Narbonem,
1673 3150 1921 3211 salutem,
1971 3159 2076 3204 etc.

183 3236 233 3266 ὓ
266 3225 419 3279 ·dum
450 3227 553 3280 tibi
584 3246 681 3296 per
711 3241 925 3283 nostras
975 3232 1183 3283 litteras
1217 3232 1463 3283 dedimus
1510 3233 1563 3282 in
1598 3231 1867 3284 mandatis
1930 3232 2074 3298 quod

156 3316 175 3377 J
221 3310 486 3378 expensis
526 3313 772 3364 custodie
812 3315 1091 3366 carceralis
1134 3315 1394 3366 nobilium
1437 3315 1673 3365 virorum
1717 3313 1969 3365 Ademari
2009 3316 2075 3365 de

158 3442 180 3469 ·.
215 3447 219 3450 ,
267 3420 290 3434 ··
319 3409 425 3454 we,
461 3393 649 3448 militis
681 3396 748 3448 de
783 3397 1053 3460 comitatu
1089 3398 1377 3458 Sabaudie‚
1416 3398 1630 3448 Geraldi
1668 3397 1826 3448 Fabri
1860 3398 1927 3448 de
1964 3398 2073 3448 Du·

245 3472 562 3535 ,notandi
603 3478 837 3545 Rigaldi,
882 3481 1152 3532 Guillelmi
1197 3481 1418 3538 Arnaldi
1460 3481 1526 3531 de
1571 3480 1881 3540 Maloleone,
1930 3481 2073 3545 Ray·

273 3554 287 3567 ⁹
340 3556 407 3608 de
464 3560 709 3627 Poquier,
764 3562 984 3614 Bidonis
1053 3564 1118 3614 de
1192 3563 1616 3628 Podioguillelmi
1683 3581 1745 3613 ac
1813 3562 2071 3614 Bernardi

155 3634 457 3703 hbui-da,
489 3642 900 3696 domicellorum
931 3646 1227 3712 Αςοιιιιοιι.,
1260 3646 1514 3705 Adur-en„
1546 3645 1808 3695 Sarlaten.
1838 3655 1894 3694 et
1935 3645 2070 3697 Con-

201 3736 359 3774 ιιιιιι
400 3723 693 3790 diocesum,
738 3728 804 3779 de
849 3728 1082 3781 heretica
1141 3728 1415 3803 pravitate
1472 3737 1863 3794 suspectorum,
1933 3742 2068 3794 quos
