2540 4354
446 371 547 422 188
837 366 1122 420 nnuman
1163 385 1238 418 DE
1279 358 1699 428 L’momsi‘ri'on
1743 380 2059 426 FRANQMSE

1276 577 1623 636 -127—

520 747 591 795 Le
630 763 769 810 pape
810 743 1023 794 concede
1062 746 1095 793 ἀ
1144 740 1247 792 Gai
1290 742 1350 791 de
1395 742 1639 802 Terrena,
1683 744 1864 806 e'weque
1899 741 2102 802 d’Elne,
2143 741 2186 790 le
2235 759 2454 805 potwozr

446 831 506 879 de
542 827 853 894 poursuivre
887 827 1021 876 dans
1056 838 1163 876 tout
1198 828 1242 875 le
1277 844 1524 890 royaume
1559 826 1618 874 de
1656 825 1936 890 Majorque
1971 826 2041 874 les
2077 825 2358 891 he're'tiques
2394 826 2453 874 de

444 915 658 979 quelque
697 910 965 961 condition
1003 910 1159 976 qu'ils
1199 910 1381 970 soient,
1423 909 1741 973 originaires
1781 929 1848 959 οιι
1889 929 1994 958 ηοη
2032 909 2091 958 de
2128 928 2225 959 son
2261 927 2450 974 propre

448 997 661 1057 diocese,
700 1014 826 1045 sans
861 994 1131 1060 prejudice
1167 994 1438 1044 d’ailleurs
1474 1012 1609 1058 pour
1644 993 1714 1043 les
1751 993 1911 1043 ἄνοιξις
1962 994 2048 1042 des
2102 992 2447 1059 inqui-siceum*

431 1092 488 1131 -et
519 1081 605 1130 des
636 1083 844 1146 e'veques
874 1078 1186 1130 dioce'sain-s‘.
1221 1107 1290 1113 ——
1320 1077 1591 1143 Avignon,
1625 1077 1690 1128 27
1723 1078 2007 1128 decembre
2043 1077 2193 1128 1332.

791 1212 895 1264 Reg.
936 1211 1050 1264 Vat.5
1085 1219 1118 1252 t.
1156 1224 1301 1263 cxvn,
1334 1210 1411 1250 fol.
1449 1224 1502 1250 CL
1536 1213 1603 1262 νῦ,
1638 1224 1681 1250 n.
1717 1210 1821 1258 7643
1856 1208 2003 1261 Vidal,
2052 1208 2261 1250 Preces...
2314 1213 2452 1250 contro

713 1283 947 1324 'Adhemar
973 1282 1023 1322 de
1049 1282 1228 1334 Mosset,
1256 1295 1299 1334 p.
1330 1281 1426 1322 686.

518 1405 771 1468 Guidoni,
808 1404 1061 1471 episcopo
1100 1403 1289 1453 Elnen.
1327 1432 1395 1438 —
1429 1404 1563 1453 Cum
1599 1403 1916 1467 vulpeculas
1952 1402 2198 1452 demoliri
2232 1401 2449 1452 vineam

442 1490 650 1541 domini
687 1489 933 1541 Sabaoth
970 1486 1237 1548 sicientes‚
1279 1506 1382 1552 que
1421 1506 1473 1536 se
1512 1489 1580 1537 ad
1617 1506 1845 1552 regnum
1885 1485 2447 1536 Maioricaruminter-

442 1577 574 1626 dum
607 1574 748 1624 sicut
779 1573 1088 1639 accepimus
1122 1572 1428 1633 conserunt,
1463 1573 1526 1621 de
1559 1572 1775 1621 illarum
1808 1571 2174 1621 desideremus
2207 1570 2447 1636 partium

445 1660 643 1710 finibus
679 1657 959 1724 extirpari,
996 1656 1335 1706 fraternitati
1369 1667 1461 1705 tue
1599 1667 1660 1705 ut
1695 1666 1884 1706 contra
1921 1673 2297 1721 quascumque
2331 1673 2446 1722 per-

440 1763 600 1794 sonas
640 1754 864 1794 tuarum
905 1741 1146 1792 civitatis
1187 1751 1241 1790 et
1281 1741 1525 1802 diocesis,
1568 1751 1622 1790 et
1661 1740 1830 1791 etiam
1870 1740 2252 1806 undecumque
2293 1739 2446 1805 origi·

437 1846 560 1878 nem
605 1826 875 1878 traxerint
918 1836 1199 1892 suspectas
1243 1826 1330 1875 vel
1373 1825 1688 1876 diffamatas
1734 1826 1798 1875 de
1843 1824 2016 1875 heresi
2059 1824 2448 1890 cuiuscumque

439 1923 635 1974 status,
671 1911 890 1974 ordinis,
925 1910 1228 1976 dignitatis,
1262 1911 1348 1960 vel
1381 1910 1707 1960 conditionis
1741 1909 1999 1974 existant,
2020 1908 2235 1959 etiamsi
2268 1908 2445 1975 ponti-

441 1996 582 2046 ficali
615 1997 959 2062 prefulgeant
992 1995 1278 2060 dignitate,
1315 1994 1485 2060 possis
1520 2006 1673 2045 extra
1710 2005 1833 2044 tuas
1867 1994 2140 2060 predictas
2161 1991 2443 2044 civitatem

436 2091 490 2130 et
513 2080 769 2131 diocesim
792 2081 846 2130 in
870 2097 1217 2146 quacumque
1241 2090 1396 2145 parte
1419 2080 1568 2144 regni
1592 2079 1822 2145 predicti
1848 2078 2228 2129 Maioricarum
2251 2097 2437 2128 secun-

437 2166 582 2214 dum.
605 2165 893 2215 sanxiones
933 2164 1219 2215 canonicas
1259 2175 1313 2214 et
1343 2161 1624 2228 privilegia
1665 2163 1837 2214 officio
1881 2163 2255 2228 Inquisitionis
2294 2163 2439 2212 herc-

436 2250 540 2299 tice
574 2249 866 2315 pravitatis
900 2267 1151 2300 concessa
1185 2249 1474 2315 procedere
1493 2259 1762 2314 tuumque
1782 2248 2019 2314 plenarie
2053 2247 2308 2309 officium,
2327 2266 2434 2296 non

436 2326 785 2385 obstantibus
835 2334 1273 2400 quibuscumque
1323 2333 1811 2384 constitutionibus
1862 2332 2145 2382 contrariis
2194 2349 2438 2381 exercere

435 2417 713 2469 licentiam
750 2429 805 2468 et
839 2418 1163 2469 facultatem
1201 2418 1502 2484 plenariam
1539 2429 1726 2467 tenore
1764 2417 2099 2483 presentium
2135 2416 2441 2482 elargimus.

441 2504 538 2552 Per
585 2503 685 2553 hoc
731 2513 918 2553 autem
965 2503 1176 2553 dilectis
1225 2502 1346 2553 filiis
1392 2502 1809 2569 inquisitoribus
1858 2501 2149 2567 pravitatis
2196 2500 2440 2566 ejusdem

437 2586 491 2636 in
533 2586 634 2637 illis
677 2587 927 2653 partibus
970 2587 1303 2638 auctoritate
1346 2587 1647 2654 apostolica
1691 2586 1971 2652 deputatis
2016 2587 2101 2656 vel
2143 2583 2440 2636 diocesanis

439 2671 650 2733 talium,
702 2690 794 2721 seu
845 2671 898 2721 in
950 2691 1183 2737 quorum
1234 2672 1538 2722 diocesibus
1590 2671 1849 2737 premissa
1902 2670 2190 2720 commissa
2239 2668 2440 2718 fuerint

426 2755 711 2817 nolumus,
742 2774 839 2806 nec
868 2756 1204 2806 intendimus
1234 2756 1288 2806 in
1317 2756 1500 2822 aliquo
1545 2757 1819 2822 derogare.
1865 2783 1934 2790 —-
1978 2755 2186 2805 Datum
2230 2772 2285 2803 vl
2331 2753 2438 2803 kal.

433 2838 680 2902 ianuarii,
720 2859 862 2891 anno
902 2840 1350 2907 decimoseptimo
1369 2839 1405 2892 ¹.

494 2998 536 3038 1.
568 2997 675 3038 νοῇ»
695 3013 739 3039 n.
761 2998 845 3039 124
870 2998 950 3051 bis,
970 2999 1054 3041 125
1080 2998 1160 3052 bis,
1180 2999 1262 3041 127
1289 2998 1369 3052 bis,
1407 2999 1489 3042 127
1511 3006 1586 3052 cer,
1606 3000 1689 3041 130
1715 2999 1795 3052 bis,
1815 2999 1898 3042 130
1920 3006 1994 3052 ter,
2015 2999 2115 3052 132,
2135 2997 2441 3053 135·136,139.

1202 3447 1279 3456 —
1319 3413 1432 3472 127
1456 3413 1555 3473 bis
1596 3447 1674 3457 —-

505 3574 577 3624 Le
607 3593 744 3640 pape
772 3573 963 3638 fe'licite
996 3577 1215 3642 l'e'veque
1246 3577 1435 3627 d’Elne
1466 3579 1526 3627 de
1555 3597 1651 3629 son
1693 3579 1792 3628 zele
1823 3589 1866 3628 et
1908 3578 1985 3628 lui
2032 3597 2267 3629 annonce
2311 3580 2428 3630 l’en-

435 3657 516 3706 voi
552 3658 612 3707 de
648 3659 701 3708 la
736 3660 1074 3709 commiss-ion
1112 3660 1500 3726 inquisitoriale
1536 3662 1626 3728 qui
1663 3663 1872 3728 pre‘cede
1911 3663 1983 3728 (n.
2027 3663 2163 3728 127).
2189 3692 2257 3700 —-
2312 3663 2429 3714 Avi-

436 3759 595 3806 gnon,
634 3741 700 3792 28
737 3743 1020 3794 decembre
1061 3744 1211 3795 1332.
