2540 4354
974 405 1188 440 aanor?
1250 407 1330 439 xix
1628 424 1632 428 -
2027 387 2127 440 253

490 522 653 575 Regae.
676 521 831 574 Am,
851 528 885 563 t.
908 534 952 562 u
988 520 1066 562 fol.
1098 521 1181 563 298
1224 525 1295 569 νος
1337 521 1502 574 Regest.
1549 520 1663 574 Van,
1697 528 1731 563 t.
1776 534 1937 575 cxxiv,
1957 536 2002 563 n.
2023 522 2128 571 5083

428 590 573 644 Vidal,
593 589 764 644 Anaia-e
812 589 1159 639 a’envoatement‚
1211 590 1322 631 dans
1383 590 1578 632 Annales
1626 590 1677 631 de
1715 590 1942 644 Βνοιαεησ,
1983 590 2128 645 juillet

413 661 541 713 1903,
563 674 606 715 p.
631 660 714 702 500
741 659 806 713 (in
827 659 942 711 m.)-

225 778 634 831 Venerabilibus
676 777 985 828 fratribus..
1017 777 1370 843 Corisopiten.
1414 779 1797 830 et..Veneten.
1841 778 2126 845 episcopis,

78 850 89 906 s
147 863 398 916 salutem.
436 889 504 897 —
540 860 761 911 Dudum
797 859 854 911 in
889 877 1049 912 causa
1089 876 1192 925 que
1227 862 1547 911 vertebatur
1581 871 1636 910 et
1671 862 1851 912 adhuc
1886 861 2127 911 vertitur

84 971 86 975 >
144 946 285 999 inter
315 944 552 995 nobilem
583 943 762 994 virum
798 942 1073 993 Herveum
1106 943 1172 992 de
1205 942 1513 994 Trevalloet
1559 953 1614 993 et
1664 945 1888 994 lvonem
1933 944 2123 1006 Bosec‚

141 1028 461 1083 familiarem
503 1026 690 1094 ipsius,
736 1026 1091 1093 Corisopiten.
1137 1036 1193 1076 et
1238 1027 1470 1078 Leonen.
1519 1027 1813 1089 diocesum,
1858 1045 1926 1077 ex
1970 1036 2125 1093 parte

137 1129 263 1173 una,
299 1121 357 1163 et
391 1110 617 1162 dilectos
655 1109 792 1160 filios
828 1110 1138 1161 Johannem
1175 1109 1419 1170 Aufredi,
1459 1110 1658 1160 ordinis
1699 1110 2127 1175 predicatorum,

88 1187 90 1190 ’
134 1194 509 1261 inquisitorem
560 1192 795 1244 heretice
845 1192 1156 1259 pravitatis,
1208 1202 1264 1242 et
1316 1193 1550 1243 Alanum
1602 1193 1825 1255 Thome,
1878 1193 2118 1244 eiusdem

137 1276 354 1338 ordinis,
405 1276 669 1327 vicarium
718 1274 1053 1341 inquisitoris
1103 1275 1344 1326 eiusdem
1396 1275 1450 1324 in
1502 1275 1777 1341 provincia
1828 1276 2118 1336 Turonen.,

136 1377 204 1411 ex
234 1360 425 1422 altera,
459 1376 621 1426 super
651 1358 922 1410 nonnullis
957 1358 1270 1409 criminibus
1304 1369 1360 1408 et
1393 1359 1676 1423 sortilegiis
1712 1376 1814 1424 que
1849 1359 1903 1408 in
1935 1376 2122 1408 necem

133 1443 410 1510 quondam
452 1442 614 1504 Petri,
655 1442 863 1492 domini
901 1442 967 1492 de
1009 1441 1288 1507 Guergole,
1330 1442 1572 1491 eiusdem
1611 1441 1966 1508 Corisopiten.
2008 1441 2121 1491 dio—

19 1530 22 1531 ’
86 1550 90 1565 2
137 1526 284 1589 cesis,
332 1525 497 1577 iidem
549 1525 793 1576 Herveus
841 1535 897 1576 et
950 1525 1045 1575 lvo
1094 1524 1419 1575 dicebantur
1468 1525 1717 1590 nequiter
1765 1535 2121 1591 perpetrasse,

87 1660 90 1666 ,
135 1609 281 1676 apud
316 1608 509 1660 Sedem
544 1608 902 1675 apostolicam
938 1609 1004 1659 de
1038 1607 1259 1675 speciali
1293 1608 1670 1658 commissione
1707 1618 1910 1670 nostra,
1948 1608 2121 1674 primo

135 1709 316 1743 coram
360 1692 500 1743 bone
543 1691 800 1742 memorie
846 1692 1196 1758 Raymundo‚
1241 1691 1391 1742 tituli
1447 1692 1624 1742 sancti
1685 1691 1920 1752 Eusebii,
1980 1708 2123 1757 pres·

135 1774 309 1827 bitere
341 1774 603 1826 cardinali
635 1784 768 1826 tunc
800 1774 1042 1837 vivente,
1075 1792 1139 1825 ac
1173 1774 1368 1825 deinde
1402 1785 1696 1841 postquam
1731 1775 1799 1825 ad
1834 1773 2121 1824 nonnullos

94 1874 98 1875 ⁷
145 1868 299 1910 actus
337 1857 444 1908 fuit
482 1875 578 1925 per
614 1858 788 1909 dictas
827 1868 1010 1925 partes
1050 1876 1231 1909 coram
1270 1858 1459 1908 eodem
1501 1857 1760 1908 cardinali
1793 1874 2127 1923 processum,

89 1942 95 1943 ’
135 1942 324 1993 eodem
357 1941 619 1993 cardinali
653 1942 891 2007 graviter
921 1952 1208 2008 egrotante
1240 1951 1297 1991 et
1331 1952 1616 2007 propterea
1653 1942 1707 1991 in
1742 1959 1901 1991 causa
1939 1941 2120 1991 huius·

137 2025 282 2076 modi
313 2025 600 2092 procedere
631 2043 741 2076 non
772 2026 1007 2088 valente,
1042 2042 1223 2076 coram
1256 2025 1551 2076 venerabili
1571 2025 1735 2075 fratre
1754 2034 1939 2074 nostro
1959 2024 2123 2074 Anni·

135 2108 314 2171 baldo,
355 2107 609 2175 episcopo
651 2109 975 2171 Tusculano,
1019 2109 1162 2159 inter
1201 2108 1419 2159 easdem
1463 2118 1643 2173 partes
1688 2108 1892 2158 diutius
1951 2107 2124 2156 venti-

134 2182 272 2254 latam
304 2209 367 2243 ac
399 2192 620 2242 demum
654 2191 814 2242 dictis
853 2192 1065 2242 Herveo
1097 2202 1154 2241 et
1191 2190 1357 2242 Ivone
1391 2192 1744 2242 offerentibus
1778 2202 1833 2240 et
1865 2192 2123 2241 exhiben-

39 2314 47 2322 ,
133 2274 279 2326 tibus
327 2275 616 2326 nonnullos
664 2269 921 2326 articulos
970 2293 1131 2341 super
1179 2275 1291 2325 iure
1341 2284 1396 2324 et
1444 2274 1757 2325 innocentia
1807 2275 2122 2324 eorumdem

38 2367 43 2374 ⁴
110 2374 313 2410 ,eoram
353 2358 604 2424 episcopo
658 2368 984 2419 memorato;
1032 2376 1093 2409 ac
1140 2359 1574 2424 proponentibus
1635 2358 1802 2408 etiarn
1850 2376 2030 2408 coram
2061 2375 2122 2406 eo

40 2425 46 2438 ¹
107 2441 281 2508 ,quod
330 2441 451 2508 ipsi,
491 2458 702 2492 necnon
742 2441 936 2493 fratres
977 2452 1032 2491 et
1071 2458 1277 2491 sorores
1332 2442 1570 2492 carnales
1612 2441 1744 2491 dicti
1790 2441 2006 2502 Hervei‚
2070 2450 2125 2489 et

135 2522 327 2575 nobilis
365 2524 556 2575 mulier
592 2524 844 2576 Caterina
882 2525 947 2574 de
989 2526 1178 2586 Ponte,
1218 2542 1354 2574 uxor
1402 2525 1643 2574 eiusdem
1700 2524 1914 2585 Hervei‚
1967 2524 2120 2573 bonis

137 2605 247 2658 suis
296 2605 547 2658 omnibus
599 2608 890 2658 mobilibus
940 2618 997 2657 et
1046 2608 1435 2668 immobilibus,
1489 2617 1616 2658 ante
1668 2625 1883 2657 omnem
1934 2618 2121 2658 actum

141 2687 451 2742 iudicialem
504 2691 756 2742 habitum
808 2701 998 2742 contra
1048 2708 1157 2752 eos,
1190 2691 1255 2740 de
1309 2690 1569 2741 mandato
1621 2690 1892 2740 dictorum
1943 2690 2122 2755 inqui-

118 2766 323 2824 ‘sitoris
370 2783 426 2823 et
474 2772 662 2824 vicarii
710 2791 804 2840 per
864 2773 1159 2824 secularem
1223 2773 1427 2824 curiam
1491 2773 1707 2824 fuerant
1768 2772 2012 2839 spoliati;
2065 2782 2121 2822 et

52 2892 54 2895 -
138 2854 450 2924 petentibus
496 2866 624 2908 ante
681 2856 862 2908 omnia
919 2874 973 2906 se
1029 2856 1243 2907 restitui
1301 2856 1370 2907 ad
1430 2857 1570 2907 bona
1629 2856 1897 2922 predicta3
1956 2854 2115 2905 dictis

47 2986 51 2987 ⁷
137 2936 453 3004 inquisitore
495 2949 552 2989 et
595 2939 796 2991 vicario
840 2939 1206 2990 asserentibus
1252 2939 1397 3004 quod
1444 2939 1709 2989 bonorum
1753 2938 2126 3005 predictorum

111 3017 118 3074 J
136 3020 388 3087 spoliatio
419 3039 514 3073 seu
547 3023 910 3089 sequestratio
944 3022 1090 3074 iacta
1124 3039 1233 3072 non
1268 3022 1444 3072 fuerat
1478 3022 1547 3073 ad
1579 3038 1766 3072 eorum
1800 3020 2123 3072 instantiam

140 3102 224 3154 vel
257 3105 607 3167 mandatum3
641 3105 783 3156 idem
817 3106 1101 3173 episcopus
1138 3106 1378 3155 decrevit
1415 3106 1555 3156 bona
1593 3104 1809 3156 mobilia
1844 3115 1898 3154 et
1931 3104 2122 3157 immo·

132 3184 284 3249 milia,
303 3204 371 3238 ex
405 3206 566 3240 causa
603 3188 846 3255 predicta
884 3188 1042 3239 dictis
1084 3188 1296 3238 Herveo
1332 3199 1387 3238 et
1429 3188 1581 3238 lvoni
1617 3188 1821 3250 ablata,
1858 3197 2123 3239 arrestata

121 3277 198 3319 ὀἱ
230 3281 571 3336 sequestrata
609 3288 703 3323 seu
743 3271 1155 3338 quomodolibet
1194 3271 1568 3337 accepta‚fore
1606 3271 1811 3320 eisdem
1851 3270 2127 3320 reddenda

64 3349 65 3354 ’
120 3353 200 3403 ‘ot
217 3353 581 3417 restituenda3
604 3365 661 3405 et
684 3354 830 3421 quod
856 3354 1123 3415 Caterine‚
1151 3354 1323 3415 uxori,
1349 3364 1403 3403 et
1433 3353 1682 3415 HenricO,
1708 3353 1862 3406 fratri
1885 3353 2126 3402 eiusdem

63 3471 69 3485 -,
120 3431 361 3498 Hervei,
401 3446 457 3486 et
495 3437 612 3488 aliis
652 3438 763 3488 suis
803 3455 1035 3503 quorum
1076 3438 1217 3487 bona
1259 3437 1583 3487 dicebantur
1624 3446 1844 3502 propter
1884 3435 2125 3502 predicta

118 3523 428 3581 jumentam,
474 3519 678 3583 ablata,
723 3530 1084 3586 sequestrata,
1106 3538 1198 3571 seu
1244 3519 1375 3570 alias
1420 3529 1663 3585 accepta,
1708 3518 2134 3580 restituerentur

144 3590 364 3658 eisdem.
396 3601 650 3653 Decrevit
677 3602 844 3654 etiam
875 3602 1021 3669 quod
1052 3602 1368 3653 Guillelmus
1413 3602 1478 3652 de
1502 3601 1849 3663 Blerachant,
1867 3601 2135 3668 presbiter

71 3720 76 3731 .
122 3668 377 3735 'Leonem
413 3683 657 3747 diocesis,
694 3685 788 3752 qui
824 3685 1104 3736 occasione
1142 3685 1525 3751 premissorum
1562 3701 1656 3750 per
1692 3684 1866 3735 dictos
1902 3683 2134 3763 inquisit

146 3768 317 3815 torem
356 3776 413 3816 et
452 3767 736 3830 vicarium,
779 3784 872 3818 seu
918 3767 982 3816 de
1019 3766 1279 3818 mandato
1320 3766 1563 3833 ipsorum
1602 3766 1887 3818 dicebatur
1927 3771 2132 3818 carcer¹
