2540 4354
461 374 564 428 396
864 399 1149 434 nummus
1192 400 1265 433 DE
1309 381 1723 444 L’INQtJlSlTlON
1768 401 2086 447 FRANQAISE

1307 584 1621 643 —276—

546 746 793 811 Gregoire
823 746 913 796 XI
942 745 1133 810 je'licite
1162 745 1204 796 le
1233 745 1309 795 roi
1340 747 1556 797 Charles
1594 748 1636 797 V
1664 747 1735 796 du
1764 748 1862 797 zele
1891 766 2010 798 avec
2026 748 2187 814 lequel
2207 748 2472 800 ilseconde

473 831 685 882 l’oeuvre
742 831 830 880 des
868 830 1211 896 inquisiteut·s
1269 843 1438 882 contre
1480 833 1551 882 les
1596 832 1846 896 beghards
1877 843 1921 882 et
1959 833 2028 882 les
2061 833 2384 899 turlupins¹.
2424 835 2474 885 Il

469 915 771 966 l'exhortec'z
813 926 1036 965 montrer
1064 916 1107 964 Ie
1157 918 1316 965 meme
1353 927 1753 981 empressement
1800 928 1969 967 contre
2017 917 2088 966 les
2135 917 2352 967 vaudois
2400 919 2468 968 du

476 999 794 1065 Dauphine;
829 1018 893 1050 en
925 999 1234 1065 particulier
1266 1003 1298 1050 ὰ
1334 1020 1395 1050 ne
1429 1019 1526 1065 pas
1567 1002 1745 1050 tole'rer
1786 1020 1881 1066 que
1922 1021 2001 1051 ses
2043 1002 2258 1067 officiers
2300 1013 2343 1052 et
2399 1004 2466 1053 les

471 1104 536 1135 no
550 1085 651 1134 bles
692 1083 1021 1150 dauphinois
1062 1095 1329 1135 entravent
1369 1086 1422 1135 la
1463 1086 1735 1150 poursaite
1765 1087 1852 1136 des
1885 1086 2185 1152 he'retiques.
2211 1088 2259 1136 Il
2291 1107 2353 1136 en
2383 1099 2468 1149 est,

468 1187 532 1218 en
562 1167 694 1233 efflet,
729 1167 837 1233 qui,
873 1167 984 1218 loin
1014 1168 1102 1233 d’y
1133 1169 1421 1231 concourir,
1457 1188 1651 1219 comme
1690 1170 1755 1220 ils
1783 1171 1827 1220 le
1861 1170 2142 1233 devraient,
2179 1171 2229 1220 la
2262 1172 2469 1221 rendent

464 1257 563 1302 tres
600 1252 826 1318 penible,
866 1253 1026 1303 sinon
1064 1253 1389 1319 impossible,
1442 1274 1513 1304 aa
1548 1255 1699 1320 point
1733 1255 1892 1322 qu'on
1926 1256 2169 1321 pourrait
2217 1258 2286 1306 les
2323 1275 2471 1321 pren-

467 1337 555 1387 dre
591 1356 724 1402 pour
757 1338 843 1388 des
879 1337 1116 1403 sauteurs
1151 1339 1210 1388 de
1246 1338 1478 1390 l'he'resie
1507 1351 1551 1390 et
1587 1341 1673 1390 des
1713 1341 1995 1407 he'retiques
2019 1341 2055 1392 ².
2095 1369 2165 1377 -—-
2201 1341 2470 1406 Avignon,

466 1421 530 1471 27
570 1440 712 1472 mars
753 1422 904 1473 1373.

807 1556 913 1609 Reg.
953 1558 1068 1610 Val.‚
1103 1563 1137 1598 t.
1175 1571 1363 1610 ccrxm,
1397 1558 1473 1600 fol.
1509 1559 1585 1607 37;
1623 1558 1865 1612 Raynaldi,
1899 1558 2083 1611 Annal„
2118 1560 2174 1601 ad
2210 1574 2313 1600 ann.
2349 1559 2457 1601 1373

752 1642 795 1668 11.
828 1641 914 1668 mx
948 1625 1014 1680 (ἱη
1042 1627 1158 1681 exa).

540 1749 827 1800 Carissimo
857 1750 912 1801 in
941 1750 1154 1801 Christo
1191 1751 1297 1802 filio
1328 1753 1536 1815 Carolo,
1566 1752 1678 1817 regi
1709 1753 1933 1803 Francie
1960 1753 2173 1804 illustri.
2220 1783 2286 1789 —-
2327 1753 2469 1804 Chri·

470 1834 773 1886 stianorum
815 1835 1124 1901 principum
1166 1854 1354 1901 regum
1400 1837 1625 1888 Francie
1668 1838 2077 1904 progenitorum
2110 1849 2330 1888 tuorum
2373 1839 2470 1888 fer-

467 1919 658 1969 vidum
686 1919 861 1969 zelum
888 1921 958 1970 ad
990 1920 1154 1970 fidem
1184 1921 1530 1983 catholicam,
1552 1941 1712 1987 quem
1733 1923 1935 1989 scripta
1955 1923 2169 1974 diversa
2197 1933 2470 1974 testantur

466 2014 521 2054 et
571 2003 718 2055 fama
770 2004 988 2070 publica
1042 2005 1382 2069 manifestat,
1416 2018 1569 2071 grata
1623 2008 1883 2059 memoria
1934 2009 2251 2069 recolentes,
2303 2017 2357 2057 et
2418 2017 2470 2058 te

466 2088 716 2139 inclitum
746 2089 1083 2140 imitatorem
1111 2090 1355 2156 ipsorum
1384 2092 1437 2142 in
1468 2093 1569 2142 hoc
1597 2103 1652 2142 et
1681 2093 1797 2143 aliis
1828 2092 1982 2144 bonis
2013 2093 2265 2158 operibus
2294 2102 2468 2143 atten-

467 2174 676 2235 dentes,
726 2192 787 2224 ac
834 2184 1085 2226 tenentes
1133 2176 1357 2226 indubie
1406 2178 1552 2242 quod
1600 2178 1818 2242 negotia
1867 2177 2010 2227 dicte
2062 2178 2188 2228 fidei
2233 2195 2328 2243 pro
2377 2175 2472 2227 Dei

466 2258 771 2309 reverentia
826 2259 1123 2325 suscipiens
1179 2261 1488 2313 cordialiter
1542 2259 1928 2314 commendata
1983 2262 2071 2313 illa
2126 2261 2467 2328 promovebis

386 2408 391 2413 Ι
467 2362 564 2409 pro
605 2343 831 2407 viribus,
873 2355 927 2394 et
968 2344 1283 2396 officialium
1324 2347 1784 2413 subditorumque
1824 2358 2046 2397 tuorum
2086 2347 2141 2398 in
2179 2348 2280 2397 hac
2319 2356 2469 2413 parte

467 2427 800 2493 negligentes
851 2430 924 2495 (a)
974 2441 1029 2480 et
1078 2432 1263 2497 culpas
1314 2432 1464 2493 alias,
1515 2451 1639 2482 cum
1688 2432 1805 2482 illas
1853 2450 2110 2497 agnosces
2159 2432 2467 2483 nullatenus

468 2513 787 2576 sustinebis3
841 2516 909 2565 ad
964 2516 1225 2567 devotam
1280 2517 1718 2582 magnitudinem
1771 2527 1926 2567 tuam
1979 2516 2278 2583 apostolica
2331 2515 2466 2566 solli-

469 2597 673 2659 citudo,
723 2618 828 2665 que
875 2600 1012 2650 circa
1062 2602 1163 2651 hoc
1209 2601 1491 2667 invigilare
1538 2612 1776 2663 tenetur,
1824 2601 2052 2652 recurrit
2100 2620 2223 2651 cum
2273 2599 2466 2651 fiducia

469 2682 705 2748 speciali.
749 2683 1077 2736 Audivimus
1117 2686 1387 2752 siquidem
1427 2686 1625 2752 sepius,
1671 2686 1745 2736 fili
1785 2686 2076 2747 carissime,
2118 2687 2263 2752 quod
2304 2683 2467 2734 hostis

470 2767 697 2818 humani
715 2770 939 2834 generis,
986 2771 1246 2823 circuiens
1291 2790 1503 2838 semper
1545 2781 1600 2820 et
1645 2789 1872 2836 querens
1919 2789 2052 2836 quos
2098 2771 2340 2831 devoret,
2380 2766 2468 2817 ubi

472 2851 675 2903 maiora
707 2854 908 2906 viderit
939 2874 1101 2921 opera
1133 2856 1464 2917 sanctitatis,
1497 2856 1572 2906 ibi
1602 2855 1811 2906 virilius
1843 2856 2046 2920 satagit
2077 2873 2170 2905 sue
2200 2870 2466 2905 venenum

469 2937 748 2988 effundere
785 2940 1095 3004 pravitatis,
1133 2941 1188 2991 in
1223 2941 1374 3005 regni
1409 2941 1509 3002 tui,
1549 2941 1695 3006 quod
1734 2959 1826 3005 pre
1864 2940 2054 2990 ceteris
2094 2939 2283 2990 mundi
2298 2935 2468 3002 regnis

470 3022 780 3085 preclaruit,
810 3035 974 3089 prout
1002 3026 1284 3090 preclaret,
1317 3026 1423 3075 fide
1449 3036 1504 3074 et
1531 3025 1786 3091 operibus
1814 3025 2091 3086 virtuosis,
2120 3024 2175 3074 in
2201 3022 2468 3087 aliquibus

471 3106 721 3170 partibus
748 3107 804 3158 in
830 3110 1104 3160 nonnullis
1133 3110 1375 3175 personis
1404 3109 1689 3174 utriusque
1716 3127 1894 3171 sexus,
1925 3108 2208 3174 presertim
2237 3107 2301 3157 de
2327 3114 2466 3156 secta

471 3189 860 3254 Begardorum,
906 3194 999 3259 qui
1039 3195 1171 3245 alias
1213 3194 1501 3260 Turlupini
1543 3194 1818 3255 dicuntur,
1862 3193 2061 3258 sparsit
2089 3209 2271 3242 semen
2312 3187 2468 3258 pesti-

472 3273 647 3324 ferum
685 3278 1000 3343 multiplicis
1037 3279 1272 3329 heretice
1307 3278 1627 3345 pravitatis3
1666 3279 1923 3343 quodque
1958 3278 2144 3342 ingens
2181 3287 2276 3326 tua
2312 3275 2467 3324 devo·

478 3356 577 3420 tio,
607 3361 676 3410 de
706 3360 804 3411 hiis
854 3363 1036 3428 aliqua
1077 3362 1317 3414 sentiens
1357 3364 1427 3413 ab
1466 3361 1883 3428 inquisitoribus
1904 3361 2196 3427 pravitatis
2215 3358 2468 3416 eiusdem,

471 3443 747 3495 ferventer
794 3446 998 3512 incepit
1048 3447 1187 3498 circa
1238 3467 1299 3498 ea
1348 3447 1489 3512 regie
1540 3445 1835 3511 potestatis
1898 3445 2136 3495 remedia
2200 3442 2466 3500 adhibere,

472 3528 539 3578 de
583 3547 689 3594 quo
735 3549 856 3581 eam
902 3531 1077 3596 dignis
1122 3533 1378 3583 laudibus
1425 3531 1890 3580 commendamus.
1940 3529 2265 3579 Audivimus
2309 3525 2466 3575 etiam

472 3613 734 3663 relatibus
784 3615 1068 3680 fidedignis
1115 3617 1260 3681 quod
1306 3617 1360 3666 in
1405 3615 1654 3680 partibus
1704 3614 2011 3664 Delfinatus
2061 3602 2370 3662 Viennensis
2412 3614 2464 3656 et
2536 3676 2540 3688 ί

533 3780 593 3837 (α)
624 3786 744 3827 Corr.
776 3800 884 3827 avec
917 3784 1142 3838 Raynaldi
1167 3798 1176 3823 ε
1203 3783 1502 3838 negligentias.
