2540 4354
443 379 543 429 252
837 395 1123 428 nummulus
1169 396 1243 427 DE
1280 376 1694 438 L’momsirxon
1744 394 2063 440 FRANQAISE

445 511 500 560 in
541 511 768 561 civitate
806 511 1072 561 Biterren.
1114 510 1419 560 carceribus
1461 510 1779 577 mancipati,
1799 529 1966 576 quam
2004 510 2120 561 aliis
2159 511 2225 560 de
2264 511 2459 576 quibus

443 594 599 645 nobis
638 594 918 644 videretur
953 594 1267 660 expediens,
1308 594 1628 661 simpliciter
1683 605 1738 644 et
1776 595 1841 644 de
1879 595 2041 661 plano
2080 595 2193 645 sine
2226 595 2458 660 strepitu

444 688 501 728 et
540 678 711 744 figura
748 677 935 729 iudicii
970 677 1265 728 veritatem
1315 677 1603 744 diligenter
1637 678 1927 744 inquirere,
1965 677 2229 743 nobisque
2265 678 2458 727 referre

444 761 708 827 quicquid
744 779 842 812 vos
877 761 1112 828 reperire
1148 780 1311 828 super
1346 762 1621 829 premissis
1659 763 2001 827 contingeret
2040 762 2272 813 fideliter
2307 780 2457 813 cura-

443 844 593 906 retiS,
632 844 773 895 sicut
807 845 863 895 in
897 845 1102 896 eisdem
1135 845 1333 897 litteris
1370 846 1582 912 plenius
1619 847 1951 898 continetur.
1990 847 2125 897 Cum
2161 856 2348 896 autem
2382 846 2458 896 in-

446 939 701 994 questam
749 947 843 995 per
890 940 944 979 te
991 948 1054 980 ac
1100 930 1337 981 eundem
1384 931 1654 982 decanum
1713 949 1876 997 super
1934 941 1989 980 et
2061 931 2126 980 de
2187 929 2458 995 premissis

442 1014 652 1064 factam
701 1012 967 1080 nobisque
1016 1014 1171 1066 iuxta
1221 1015 1533 1067 litterarum
1581 1016 1825 1082 ipsarum
1873 1026 2119 1066 tenorem
2180 1014 2458 1066 remissam

442 1097 618 1148 videri
647 1097 936 1163 diligenter
964 1098 1250 1150 fecerimus
1281 1110 1336 1149 et
1377 1099 1702 1150 relationem
1744 1099 2116 1152 audiverimus
2159 1098 2458 1165 plenariam

443 1199 609 1248 super
650 1199 731 1244 ea,
777 1200 873 1234 nos
917 1200 1082 1250 super
1124 1183 1383 1251 predictis
1443 1184 1690 1235 exhiberi
1743 1185 1991 1235 volentes
2048 1182 2261 1234 iusticie
2317 1201 2458 1232 com-

446 1266 808 1330 plementum,
833 1265 1150 1317 discretioni
1192 1278 1374 1318 vestre
1419 1287 1514 1334 per
1559 1268 1861 1334 apostolica
1907 1267 2111 1334 scripta
2158 1266 2452 1316 committi-

445 1369 563 1400 mus
619 1360 673 1400 et
728 1352 1056 1401 mandamus
1112 1352 1374 1418 quatinus
1428 1354 1660 1404 eandem
1714 1353 2028 1418 inquestam
2083 1371 2250 1418 quam
2301 1351 2454 1402 vobis

447 1434 881 1486 transmittimus
941 1436 1192 1488 videntes
1254 1455 1317 1488 ac
1377 1439 1602 1488 solerter
1661 1447 1717 1487 et
1764 1438 1998 1488 fideliter
2057 1436 2455 1497 examinantes,

445 1536 658 1569 necnon
703 1521 1039 1587 complentes
1084 1532 1140 1571 et
1182 1522 1547 1588 perficientes,
1593 1522 1637 1573 si
1681 1541 1787 1588 qua
1833 1521 2156 1588 complenda
2201 1531 2257 1570 et
2299 1520 2456 1586 perfi-

408 1672 410 1674 Υ
445 1602 636 1654 cienda
674 1604 879 1654 fuerint
915 1605 1054 1657 circa
1091 1625 1230 1671 eam,
1268 1607 1495 1658 tandem
1532 1606 1794 1658 adhibitis
1818 1606 2102 1658 vobiscum
2120 1603 2456 1671 sapientibus

444 1687 757 1739 hominibus
787 1689 852 1739 de
883 1690 1082 1755 quibus
1112 1691 1270 1742 vobis
1299 1691 1597 1754 videbitur,
1620 1702 1737 1742 tam
1767 1691 2103 1742 absolvendo
2121 1689 2456 1750 innocentes,

441 1772 485 1822 si
514 1772 607 1838 qui
634 1773 818 1825 forsan
845 1774 1047 1825 iniuste
1076 1775 1246 1826 delati
1272 1777 1358 1826 vel
1385 1775 1630 1826 accusati
1657 1775 1861 1826 fuerint
1887 1775 1941 1826 in
1970 1776 2071 1825 hac
2088 1784 2261 1840 parte,
2292 1790 2455 1839 quam

442 1857 769 1910 nocentibus
805 1869 862 1909 et
897 1860 1262 1926 culpabilibus
1281 1879 1448 1927 penas
1466 1871 1522 1911 et
1539 1860 1873 1928 penitentias
1893 1860 2107 1910 debitas
2125 1858 2453 1924 imponendo

446 1942 702 1993 exhibere
750 1944 1047 1995 solenniter
1094 1956 1150 1996 et
1198 1946 1413 2012 publice
1463 1956 1526 1995 ut
1575 1945 1766 1996 ceteris
1814 1945 1870 1994 in
1920 1945 2235 2010 exemplum
2283 1953 2455 1992 trans-

441 2037 532 2077 eat
578 2027 855 2079 iusticiam
899 2030 1198 2092 studeatis3
1262 2031 1693 2099 contradictores
1742 2048 1834 2096 per
1880 2047 2167 2079 censuram
2209 2026 2454 2076 ecclesia·

444 2111 640 2162 sticam
687 2114 1058 2179 appellatione
1104 2116 1413 2181 postposita
1462 2116 1877 2181 compescendO.
1929 2115 2035 2163 Vos
2082 2112 2267 2163 taliter
2296 2107 2483 2177 super‘

446 2195 544 2246 hiis
588 2197 888 2248 exhibituri
930 2199 1077 2264 quod
1121 2200 1307 2250 debito
1353 2200 1469 2265 (sic)
1514 2199 1773 2250 satisffiat
1816 2199 1954 2249 circa
1999 2197 2259 2263 premissa
2302 2194 2451 2245 iusti·

448 2280 524 2330 cie
557 2291 852 2347 vestraque
882 2283 1008 2333 inde
1039 2285 1239 2334 debeat
1270 2285 1563 2350 prudentia
1598 2284 1792 2334 merito
1827 2281 2216 2333 commendari.
2251 2309 2319 2315 —
2351 2280 2452 2330 Da·

441 2374 562 2414 tum
607 2365 884 2428 Avinioni,
930 2387 1017 2418 1111
1063 2369 1325 2420 kalendas
1370 2369 1704 2431 novembriS,
1751 2386 1894 2419 anno
1939 2367 2126 2417 tercio.

493 2529 532 2568 1.
568 2528 822 2571 Guillaume
850 2531 1024 2584 Fredol,
1052 2546 1095 2572 n.
1125 2532 1194 2582 77,
1223 2540 1328 2573 note
1355 2533 1395 2573 1.

494 2600 533 2640 2.
567 2600 673 2642 Voir
698 2615 739 2640 n.
768 2602 865 2642 164,

1261 2958 1604 3018 -169—

517 3121 704 3170 Βεηοῖι
744 3121 869 3170 ΧΙΙ
910 3124 1111 3171 re'sume
1151 3122 1221 3171 les
1261 3132 1394 3171 actes
1434 3122 1493 3171 de
1533 3122 1585 3171 la
1623 3121 1903 3187 procedure
1942 3119 2112 3169 suivie
2149 3118 2362 3185 jusqu’d
2399 3134 2448 3167 ce

439 3205 560 3269 jour
595 3205 728 3254 dans
766 3204 990 3270 l'affaire
1025 3205 1253 3255 d’Herve'
1288 3205 1348 3254 de
1389 3206 1672 3255 Tre‘valloet
1695 3205 1731 3255 ¹.
1773 3204 1909 3254 Pais
1960 3204 1999 3253 il
2048 3205 2286 3270 reproche
2342 3220 2448 3252 aux

442 3293 650 3355 e'veques
680 3289 739 3338 de
771 3289 1026 3356 Quimper
1055 3300 1099 3339 et
1128 3290 1187 3339 de
1213 3290 1425 3339 Vannes
1455 3291 1514 3340 de
1550 3290 1753 3339 n’avoir
1782 3287 2240 3354 remplijusqa’ici
2257 3286 2446 3353 qu’une

440 3373 610 3438 partie
641 3373 700 3423 de
732 3373 843 3422 leur
874 3373 1215 3430 commission
1247 3394 1264 3427 .·
1296 3378 1328 3424 ὰ
1359 3374 1551 3438 εανοὶν,
1586 3373 1773 3424 l’envoi
1805 3377 1838 3423 ὰ
1883 3372 2135 3437 Avignon
2165 3372 2236 3421 da
2280 3373 2442 3436 pretre

440 3456 695 3522 implique'
733 3457 867 3506 dans
907 3456 1148 3523 l’affaire.
1194 3457 1244 3507 Il
1282 3458 1352 3507 les
1392 3476 1566 3523 presse
1605 3458 1665 3507 de
1704 3457 1945 3522 procedet·
1983 3474 2053 3505 au
2092 3457 2222 3505 lever
2263 3455 2334 3504 du
2369 3455 2440 3502 «ςέ-

437 3551 636 3606 questre
677 3541 764 3591 des
809 3539 954 3591 biens
995 3541 1056 3591 de
1096 3541 1148 3591 la
1187 3541 1390 3607 samille
1425 3542 1725 3591 Tre'oalloet.
1775 3541 1849 3590 Ils
1891 3541 2102 3590 devront
2140 3557 2359 3589 sommer
2397 3537 2439 3586 le

440 3625 538 3673 duc
571 3625 630 3674 de
665 3626 940 3690 Bretagne,
975 3625 1065 3691 qui
1101 3626 1171 3676 les
1204 3625 1332 3675 tient
1364 3645 1428 3675 en
1462 3630 1613 3686 αννὲι,
1650 3626 1709 3675 de
1743 3627 1812 3674 les
1848 3624 2085 3675 restituet·
2117 3642 2242 3673 sans
2276 3620 2440 3671 retard

439 3726 546 3756 aux
585 3709 978 3774 proprietaires,
1020 3728 1084 3759 en
1123 3710 1413 3771 observant,
1457 3729 1590 3774 pour
1630 3728 1756 3759 ceux
1795 3709 2036 3769 d'Herve',
2092 3709 2162 3757 les
2214 3703 2434 3770 disposi-

439 3790 580 3839 tions
608 3792 692 3840 des
720 3792 1041 3856 pre'ce'dentes
1073 3793 1249 3843 balles.
1280 3821 1347 3828 —
1374 3793 1645 3858 Avignon,
1678 3793 1740 3843 13
1768 3792 2051 3842 decembre
2083 3791 2243 3841 1337.’
