2540 4354
421 336 522 389 508
815 360 1104 394 nuntium
1146 363 1221 394 DE
1265 346 1678 408 L’1NQu1srr10N
1723 365 2044 410 FRANQMSE

423 471 662 523 Arnaldo
712 476 777 525 de
831 476 1082 540 Moleriis,
1131 480 1660 544 legumdoctore,'et
1709 483 1960 533 Johanne
1993 483 2058 532 de
2079 483 2427 548 Nabayrone,

422 568 776 621 procuratore
808 560 980 611 fiscali
1007 563 1216 615 domini
1242 566 1418 616 nostri
1445 584 1585 632 pape
1613 566 1669 618 in
1696 583 1922 618 romana
1956 565 2130 627 Curia,
2176 567 2427 618 Johanne

423 641 668 705 Palayni‚
719 643 933 696 notario
983 646 1196 699 domini
1243 650 1538 700 Camerarii
1586 649 1834 715 predicti,
1884 649 2146 700 fratribus
2200 652 2427 713 Hugone

425 724 769 790 Caldayroni,
820 730 1080 792 gardiano
1131 743 1435 783 conventus
1487 732 1889 794 Avinionensis,
1943 733 2226 783 Guillelmo
2280 735 2428 799 May·

421 808 557 868 rani,
597 809 875 876 Stephano
915 814 1207 878 Trunchet,
1260 816 1504 878 sacrista,
1548 820 1879 882 Raymundo
1917 816 2172 878 Bonifilii,
2225 816 2426 868 vicario

424 894 627 948 ordinis
685 906 741 946 et
811 908 1115 950 conventus
1187 900 1577 966 predictorum,
1652 901 1926 966 magistris
1975 901 2156 951 Grado
2208 902 2324 950 Pini
2361 902 2427 952 de

430 978 875 1044 Carpentoracte‚
912 984 1146 1045 notario,
1185 984 1392 1033 Jacobo
1427 989 1492 1036 de
1530 987 1693 1036 Prato
1741 995 1796 1034 et
1849 985 2136 1035 Guillelmo
2208 984 2424 1047 Liverii,

425 1062 639 1114 notario
701 1065 854 1115 Curie
918 1069 1241 1131 marescalli,
1301 1079 1356 1118 et
1433 1069 1719 1119 Francisco
1799 1068 2055 1133 Felgerie,
2117 1067 2427 1120 subvicario

426 1146 788 1200 Avinionensi
833 1160 890 1199 et
925 1152 1173 1218 pluribus
1211 1152 1327 1204 aliis
1364 1165 1483 1204 tam
1520 1153 1724 1204 clericis
1775 1172 1942 1218 quam
1990 1152 2138 1203 laicis
2188 1153 2243 1203 in
2294 1154 2432 1202 mul-

422 1230 666 1282 titudine
703 1232 923 1300 copiosa
960 1237 1027 1286 ad
1065 1235 1328 1301 premissa
1366 1256 1498 1288 voce
1535 1255 1770 1303 precona
1821 1236 2156 1287 convocatis.

499 1318 758 1383 Postque,
792 1318 940 1370 dicta
960 1321 1237 1372 sententia
1271 1321 1584 1372 executioni
1606 1324 1890 1382 mandata,
1912 1321 2037 1386 quia
2059 1320 2427 1373 misericordia

424 1404 807 1468 superexaltat
839 1404 1121 1467 iudicium,
1142 1427 1238 1458 nos
1262 1407 1609 1469 camerarius,
1644 1406 2019 1458 thesaurarius
2051 1416 2107 1456 et
2139 1406 2432 1472 inquisitor

425 1487 628 1553 prefati
675 1488 927 1541 videntes
977 1500 1033 1538 et
1079 1490 1372 1556 diligenter
1420 1493 1829 1543 considerantes
1863 1491 2140 1542 dictarum
2182 1492 2430 1557 Blanque

424 1583 479 1621 et
514 1574 895 1624 consociarum
927 1574 1043 1625 eius
1081 1577 1209 1626 fidei
1243 1575 1618 1627 sinceritatem
1649 1586 1708 1627 et
1741 1578 1809 1626 ad
1856 1586 2108 1627 sanctam
2142 1593 2430 1626 romanam
2507 1636 2516 1651 ζ

429 1657 728 1707 Ecclesiam
765 1659 1141 1722 devotionem,
1181 1660 1408 1711 carceris
1445 1671 1501 1711 et
1520 1659 1822 1727 penitentie
1855 1660 2007 1725 signa
2025 1671 2082 1709 et
2101 1660 2430 1727 patientiam
2501 1655 2525 1730 's'

428 1761 562 1807 quas
599 1742 715 1808 (sic)
751 1745 1067 1796 habuerunt
1098 1748 1288 1796 eedem
1320 1747 1571 1811 Blanqua
1619 1755 1674 1794 et
1710 1744 1958 1797 consocie
1992 1744 2124 1807 cius,
2161 1755 2224 1794 ut
2253 1746 2431 1795 relatu
2515 1731 2522 1740 ε

427 1827 670 1878 custodis
716 1828 942 1878 carceris
986 1838 1041 1878 et
1081 1829 1314 1881 aliorum
1357 1829 1599 1896 plurium
1639 1830 1818 1881 relatu
1860 1829 2150 1880 didicimus
2183 1839 2238 1880 et
2275 1828 2432 1880 nobis

426 1928 522 1976 per
571 1924 862 1978 aspectum
914 1924 1167 1979 apparet,
1221 1914 1314 1980 qui
1365 1901 2051 1981 frequentervisitavimus
2104 1915 2325 1964 easdem
2377 1912 2432 1962 in

426 2013 657 2057 carcere,
697 1997 1093 2050 deliberatione
1134 1998 1325 2050 habita
1364 2010 1420 2048 et
1459 2009 1676 2050 maturo
1717 1997 1941 2050 consilio
1963 1998 2431 2048 commutavimus

426 2080 795 2145 penitentiam
836 2083 1145 2148 predictam
1185 2083 1341 2134 iuxta
1382 2083 1696 2150 potentiam
1735 2082 1893 2134 nobis
1933 2085 2127 2134 datam
2180 2092 2236 2131 et
2275 2101 2432 2148 supe-

423 2163 532 2215 rius
561 2165 617 2216 in
644 2164 793 2216 dicta
822 2166 1099 2219 sententia
1126 2178 1405 2220 retentam
1432 2168 1487 2219 in
1516 2168 2014 2234 peregrinationem
2041 2167 2220 2219 sancti
2240 2165 2434 2217 Jacobi

426 2250 492 2298 de
525 2251 913 2315 Compostella,
945 2251 1086 2302 infra
1119 2271 1288 2302 unum
1318 2272 1526 2305 annum
1557 2272 1585 2302 a
1615 2252 1701 2303 die
1733 2250 2188 2302 commutationis
2215 2260 2432 2302 senten·

424 2332 501 2382 tia
538 2334 931 2399 profecturam.

502 2419 736 2468 Demum
776 2439 873 2486 pro
914 2431 1068 2487 parte
1109 2422 1256 2472 dicte
1294 2423 1543 2488 Blanque
1581 2433 1638 2472 et
1672 2423 1949 2473 sociarum
1986 2422 2249 2483 eiusdem,
2274 2419 2430 2470 nobis

426 2503 743 2569 expositum
794 2504 984 2555 extitit
1032 2516 1090 2555 et
1139 2506 1421 2557 humiliter
1470 2506 1847 2573 supplicatum
1899 2507 2045 2572 quod
2067 2524 2189 2554 cum
2210 2515 2435 2571 propter
2480 2508 2482 2510 ’

431 2607 750 2652 guerrarum
802 2588 1118 2642 discrimina
1170 2601 1228 2639 et
1279 2591 1518 2658 pericula
1573 2609 1678 2657 que
1729 2590 1783 2643 in
1841 2589 2057 2656 Ispania
2088 2590 2429 2656 pulularunt,

430 2691 679 2723 accessus
711 2673 786 2723 eis
819 2673 1027 2725 existat
1059 2675 1414 2742 periculosus,
1449 2694 1741 2743 prorogare
1761 2675 2113 2738 dignaremur
2132 2673 2431 2726 terminum

431 2775 603 2822 usque
629 2759 697 2808 ad
726 2768 944 2824 tempus
973 2759 1268 2826 pacificum
1295 2761 1443 2824 regni
1470 2760 1717 2810 eiusdem
1742 2758 1956 2826 Ispanie
1977 2769 2032 2806 et
2051 2757 2431 2824 tranquillum,

431 2862 534 2910 que
567 2844 771 2893 devote
801 2855 858 2893 et
889 2844 1005 2895 sine
1038 2844 1278 2911 periculo
1313 2854 1540 2912 possent
1573 2843 1941 2911 penitentiam
1968 2854 2022 2892 et
2043 2840 2432 2909 peregrinatio·

429 2946 554 2979 nem
598 2927 1000 2980 eisiniunctam
1043 2930 1361 2996 adimplere.
1411 2931 1520 2980 Nos
1565 2930 1921 2980 attendentes
1967 2930 2111 2993 quod
2139 2926 2282 2976 iuste
2314 2944 2434 2993 pos-

429 3012 740 3064 tulantibus
771 3032 879 3065 non
908 3023 991 3065 est
1018 3015 1373 3079 denegandus
1402 3009 1673 3076 assensus,
1701 3031 1771 3062 ex
1799 3021 1946 3062 certa
1966 3007 2194 3062 scientia
2225 3010 2434 3061 dictum

431 3097 730 3147 terminum
778 3098 1234 3165 peregrinationis
1281 3097 1460 3149 sancti
1509 3096 1705 3148 Jacobi
1749 3116 1817 3147 ex
1864 3095 2039 3146 causis
2087 3094 2346 3162 predictis
2365 3095 2431 3145 ad

429 3192 539 3231 tres
588 3201 762 3234 annos
811 3183 1089 3250 proximos
1138 3182 1396 3234 duximus
1447 3183 1875 3249 prorogandum.
1915 3181 1992 3230 De
2034 3198 2267 3246 quarum
2287 3196 2433 3245 pere·

431 3265 739 3329 grinatione
787 3267 1094 3333 predictam
1140 3268 1452 3332 Blanquam
1495 3275 1554 3314 et
1597 3266 1710 3316 eius
1757 3265 1930 3315 socias
1979 3263 2253 3331 predictas
2289 3261 2431 3328 quod

431 3349 609 3416 ipsam
647 3351 1146 3417 peregrinationem
1184 3354 1384 3402 devote
1425 3349 1842 3416 compleverint,
1882 3366 1978 3415 per
2014 3359 2270 3414 patentes
2289 3347 2433 3396 litte·

431 3453 516 3483 ras
551 3434 724 3498 sigillo
761 3435 1043 3487 autentico
1079 3436 1345 3502 sigillatas
1380 3434 1671 3486 testificari
1706 3434 1960 3486 volumus
1995 3451 2091 3499 per
2126 3450 2259 3498 quas
2280 3428 2432 3482 nobis

431 3529 702 3584 appareat
737 3519 960 3571 devotio
999 3522 1317 3571 earundem.

512 3603 570 3653 In
633 3622 867 3668 quorum
925 3603 1328 3665 testimonium,
1390 3622 1486 3655 nos
1549 3602 1898 3663 camerarius,
1949 3599 2320 3650 thesaurarius
2380 3606 2434 3646 et

438 3685 732 3750 inquisitor
777 3688 1035 3753 prelibati
1080 3687 1512 3738 auctoritatibus
1562 3686 1760 3752 quibus
1808 3704 1992 3752 supra,
2039 3684 2212 3747 sigilla
2247 3692 2430 3733 nostra

437 3769 719 3819 autentica
769 3771 966 3835 quibus
1014 3771 1224 3821 utimur
1267 3771 1615 3837 presentibus
1662 3769 1985 3836 patentibus
2016 3768 2215 3818 litteris
2235 3761 2435 3832 apponi
