2540 4354
407 374 510 428 236
814 388 1103 422 nummum
1139 388 1212 418 DE
1255 367 1671 428 L’1NQu1s1‘r10N
1713 387 2030 430 FRANcAlsE

415 518 470 558 et
519 507 684 556 Ivone
719 504 1070 555 offerentibus
1104 513 1158 551 et
1212 501 1597 552 exhibentibus
1650 504 1925 555 nonnullis
1971 503 2214 555 articulis
2253 523 2412 571 super

410 592 523 641 iure
572 601 626 639 et
674 587 983 639 innocentia
1049 587 1369 636 eorumdem
1426 604 1609 637 coram
1671 587 1927 654 episcopo
1982 600 2307 645 memorato,
2348 608 2410 640 ac

410 672 839 741 proponentibus
875 669 1042 720 etiam
1069 688 1252 720 coram
1286 687 1347 719 eo
1367 671 1511 735 quod
1537 669 1641 736 ipsi
1666 689 1878 721 necnon
1896 670 2090 723 fratres
2123 683 2177 722 et
2205 690 2410 724 sorores

406 758 644 811 carnales
677 754 808 805 dicti
849 753 1064 807 Hervei‚
1113 772 1174 802 ac
1204 752 1398 802 nobilis
1432 754 1624 804 mulier
1674 755 1923 805 Caterina
1954 756 2018 804 de
2059 758 2229 806 Ponte
2277 775 2413 806 uxor

405 845 592 911 ipsius,
620 839 772 891 bonis
811 839 918 890 suis
958 837 1210 890 omnibus
1240 837 1532 888 mobilibus
1557 851 1613 890 et
1645 839 2016 890 immobilibus
2046 851 2175 890 ante
2196 843 2436 891 omnem⁴

406 940 593 980 actum
643 924 952 976 iudicialem
1000 923 1253 975 habitum
1319 935 1508 974 contra
1564 943 1653 975 eos
1702 928 1767 975 de
1827 927 2089 978 mandato
2140 925 2411 976 dictorum

404 1012 741 1079 inquisitoris
794 1020 848 1058 et
899 1010 1090 1059 vicarii
1143 1026 1235 1074 per
1287 1010 1584 1059 secularem
1639 1011 1843 1059 curiam
1897 1010 2115 1059 fuerant
2165 1010 2407 1075 spoliati3

405 1108 458 1146 et
504 1096 821 1162 petentibus
869 1104 996 1144 ante
1044 1094 1224 1143 omnia
1271 1112 1324 1142 se
1370 1093 1587 1144 restitui
1630 1096 1699 1144 ad
1746 1096 1886 1143 bona
1933 1093 2196 1160 predicta,
2255 1094 2411 1144 dictis

404 1181 726 1247 inquisitore
774 1189 831 1228 et
874 1178 1080 1229 vicario
1127 1177 1494 1228 asserentibus
1541 1180 1687 1244 quod
1732 1181 2000 1228 bonorum
2045 1179 2411 1244 predictorum

408 1264 663 1332 spoliatio
702 1283 794 1314 seu
833 1262 1195 1328 sequestratio
1216 1263 1363 1312 facta
1400 1282 1508 1313 non
1546 1264 1724 1313 fuerat
1761 1265 1829 1314 ad
1866 1281 2052 1312 eorum
2088 1263 2407 1314 instantiam

407 1352 494 1399 vel
533 1351 890 1410 mandatum3
925 1348 1069 1398 idem
1105 1347 1388 1413 episcopus
1426 1348 1667 1398 decrevit
1700 1349 1843 1398 bona
1880 1347 2098 1398 mobilia
2134 1358 2188 1396 et
2222 1348 2410 1398 immo-

407 1434 533 1484 bilia
568 1453 636 1483 ex
671 1452 834 1483 causa
871 1432 1115 1498 predicta
1152 1431 1309 1482 dictis
1351 1434 1564 1482 Herveo
1600 1442 1654 1481 et
1695 1433 1851 1481 Ivoni
1884 1433 2088 1494 ablata,
2125 1443 2411 1495 arrestata,

406 1528 753 1584 sequeStrata
809 1535 902 1567 seu
959 1517 1373 1582 quomodolibet
1419 1527 1662 1582 accepta,
1721 1518 1833 1566 fore
1889 1516 2090 1567 eisdem
2134 1519 2409 1570 reddenda

406 1615 460 1654 et
487 1603 856 1663 restituenda3
884 1613 938 1651 et
965 1603 1111 1667 quod
1139 1603 1390 1652 Caterine
1417 1602 1575 1651 uxori
1599 1601 1840 1652 eiusdem
1872 1602 2073 1652 Hervei
2097 1613 2152 1651 et
2182 1603 2412 1653 Henrico

406 1688 571 1739 fratri
617 1698 672 1737 et
720 1687 835 1738 aliis
883 1687 1009 1748 suis,
1059 1705 1290 1752 quorum
1339 1690 1481 1737 bona
1531 1687 1856 1737 dicebantur
1902 1696 2126 1752 propter
2171 1687 2412 1753 predicta

344 1782 348 1787 '
413 1784 706 1834 arrestata,
751 1772 956 1833 ablata,
1000 1782 1361 1837 sequestrata,
1405 1790 1497 1822 seu
1541 1773 1671 1821 alias
1716 1782 1959 1837 accepta,
2001 1772 2416 1822 restituerentur

407 1859 626 1909 eisdem.
672 1857 927 1907 Decrevit
965 1857 1133 1906 etiam
1174 1857 1320 1922 quod
1375 1856 1691 1907 Guillelmus
1732 1858 1796 1907 de
1835 1858 2111 1919 Blemcan,
2152 1858 2413 1923 presbiter

409 1944 641 1993 Leonen.
683 1941 926 2004 diocesis,
967 1942 1060 2007 qui
1110 1941 1389 1992 occasione
1427 1942 1812 2008 premissorum
1850 1960 1943 2008 per
1981 1942 2153 1993 dictos
2192 1942 2410 2008 inquisi-

405 2039 580 2077 torem
623 2038 678 2078 et
719 2025 1005 2088 vicarium,
1046 2045 1140 2077 seu
1183 2027 1247 2076 de
1290 2027 1552 2078 mandato
1608 2027 1851 2093 ipsorum
1893 2027 2176 2078 dicebatur
2218 2029 2413 2079 carceri

409 2112 774 2178 mancipatus,
817 2114 918 2162 sub
963 2112 1070 2162 fida
1113 2112 1359 2162 custodia
1402 2113 1471 2162 ad
1510 2129 1797 2164 romanam
1839 2112 2044 2163 curiam
2086 2112 2409 2164 mitteretur.

478 2197 684 2260 Quibus
705 2197 956 2246 omnibus
983 2207 1038 2246 et
1055 2195 1467 2247 nonnullis'aliis
1482 2198 1740 2263 premissa
1773 2198 2211 2264 contingentibus
2230 2197 2412 2248 relatis

404 2291 458 2331 et
484 2279 776 2346 propositis
802 2282 856 2331 in
905 2280 1231 2337 Consistorio
1281 2301 1463 2334 coram
1509 2283 1664 2333 nobis
1729 2302 1889 2349 super
1950 2283 2192 2349 predicto
2253 2300 2412 2349 nego-

405 2368 483 2418 cio
532 2368 586 2418 in
619 2367 893 2416 dictarum
925 2367 1166 2432 partium
1206 2368 1477 2432 presentia
1518 2368 1702 2418 taliter
1727 2368 1981 2419 duximus
2020 2368 2408 2418 ordinandum:

404 2452 662 2502 videlicet
709 2451 854 2516 quod
918 2451 1162 2516 prefatus
1212 2452 1529 2503 Guillelmus
1575 2454 1843 2515 sacerdos,
1891 2453 1985 2518 qui
2030 2453 2093 2502 de
2141 2452 2409 2503 dictorum

405 2535 742 2602 inquisitoris
782 2546 837 2585 et
875 2535 1081 2598 vicarii,
1123 2555 1184 2586 ac
1225 2537 1393 2588 etiam
1433 2539 1572 2587 bone
1614 2538 1870 2588 memorie
1911 2537 2071 2588 Alani
2094 2538 2130 2599 ⁵,
2170 2537 2405 2604 episcopi

407 2621 784 2688 Corisopiten.,
826 2631 958 2671 tunc
1000 2620 1257 2686 viventis,
1301 2623 1567 2673 mandato
1592 2623 1847 2672 detentus
1889 2623 2067 2672 fuerat
2108 2633 2161 2672 et
2204 2623 2403 2672 detine-

406 2709 570 2757 batur
621 2695 799 2756 adhuc
851 2705 905 2755 in
958 2725 1166 2756 carcere
1218 2707 1540 2757 venerabilis
1594 2707 1775 2758 fratris
1828 2707 2060 2758 nostri..
2102 2705 2122 2735 ⁶
2174 2707 2408 2774 episcopi

406 2790 783 2857 Corisopiten.,
846 2791 1133 2841 sucessoris
1196 2791 1438 2842 eiusdem
1501 2792 1660 2843 Alani
1721 2791 1976 2858 episcopi,
2040 2792 2400 2857 mancipatus,

404 2877 506 2925 sub
543 2875 651 2925 fida
686 2874 953 2937 custodia,
989 2885 1043 2924 et
1078 2875 1167 2925 alii
1199 2885 1366 2926 testes
1402 2876 1496 2942 qui
1528 2876 1746 2927 fuerant
1779 2876 1908 2927 alias
1943 2895 2104 2942 super
2135 2876 2234 2926 hiis
2283 2894 2403 2926 exa-

343 3022 352 3032 ,
405 2959 618 3020 minati,
666 2960 711 3010 si
756 2960 1024 3021 viverent,
1072 2969 1128 3008 et
1176 2961 1495 3025 generaliter
1554 2979 1738 3012 omnes
1788 2962 1881 3027 qui
1926 2978 2086 3027 super
2132 2961 2231 3011 hiis
2277 2960 2406 3011 scire

403 3053 633 3110 possunt
686 3045 1098 3109 quomodolibet
1148 3044 1443 3095 veritatem
1507 3056 1562 3095 et
1614 3046 1968 3112 probabiliter
2019 3046 2302 3112 deponere,
2353 3055 2406 3094 et

403 3146 496 3194 per
536 3128 856 3179 utramlibet
898 3129 1167 3179 dictarum
1209 3128 1451 3196 partium
1494 3130 1698 3180 fuerint
1737 3130 2023 3191 nominati,
2067 3132 2135 3181 ad
2166 3141 2405 3180 nostram

403 3212 733 3277 presentiam
801 3214 1111 3279 sumptibus
1178 3214 1598 3279 producentium
1678 3215 2030 3281 personaliter
2096 3225 2402 3265 evocentur.

404 3297 801 3348 Attestationes
853 3316 1068 3363 quoque
1118 3309 1172 3348 et
1221 3299 1580 3350 confessiones
1643 3300 1855 3350 illorum
1906 3300 1998 3365 qui
2026 3299 2404 3366 premissorum

405 3383 684 3456 occasione
737 3382 994 3432 dicuntur
1045 3382 1208 3432 fuisse
1261 3385 1534 3434 combusti
1596 3385 1682 3434 vel
1731 3385 1785 3434 in
1837 3384 2137 3434 carceribus
2190 3382 2402 3443 mortui,

400 3468 487 3515 vel
536 3466 770 3516 districti
829 3467 983 3516 nobis
1045 3467 1211 3518 etiam
1275 3458 1632 3519 destinentur.
1686 3471 1756 3519 Et
1805 3470 1949 3534 quod
1998 3470 2163 3518 etiam
2212 3458 2404 3518 notarii

404 3551 625 3613 publici,
663 3551 755 3615 qui
791 3569 883 3617 per
920 3551 1092 3601 dictos
1133 3554 1409 3602 Herveum
1446 3563 1501 3601 et
1554 3555 1776 3603 Ivonem
1812 3570 1904 3602 seu
1941 3571 2034 3619 per
2067 3571 2252 3602 eorum
2289 3569 2402 3617 pro-

405 3645 680 3685 curatores
724 3636 811 3684 vel
854 3636 1444 3690 alterumeorumdem
1489 3656 1648 3703 super
1703 3638 1848 3688 dicto
1893 3638 2107 3702 negotio
2153 3637 2403 3687 dicuntur

404 3718 593 3768 fecisse
638 3724 916 3784 processus
960 3721 1427 3786 vel-consignasse
1484 3723 1663 3787 aliqua
1706 3723 2088 3783 instrumenta,
2132 3740 2238 3771 una
2283 3740 2400 3772 cum

408 3802 565 3851 dictis
605 3803 939 3866 processibus
978 3823 1069 3854 seu
1107 3804 1482 3855 instrumentis
1520 3807 1677 3867 veris,
1730 3791 1996 3871 perfectis,
2036 3824 2127 3854 seu
2164 3804 2398 3870 integris,

2534 3857 2540 4042 ff

2531 4106 2537 4201 ξ
