2540 4354
468 384 571 439 434
861 401 1147 437 nULLAmE
1190 405 1265 436 DE
1308 382 1726 446 L’1NQu1s1T1oN
1771 404 2093 450 FRANQMSE

467 540 655 588 quum,
702 531 1047 586 spectantem
1094 521 1162 571 ad
1210 538 1455 572 mensam
1515 521 2031 588 archiepiscopalem
2092 525 2373 590 Viennen.,
2419 529 2471 579 in

477 625 584 672 quo
615 623 724 655 non
754 616 871 655 erat
919 604 1197 654 edificium
1242 605 1347 655 nisi
1395 623 1581 655 murus
1628 606 1854 671 quidam
1903 607 2147 659 elevatus
2199 611 2473 663 modicum

471 707 631 755 super
659 700 880 750 terram,
912 699 966 738 et
996 707 1063 738 ex
1091 707 1172 751 eo,
1204 700 1266 739 ut
1297 690 1661 751 asserebatur,
1681 690 1828 741 nulla
1849 691 1936 740 vel
1954 693 2167 743 modica
2216 694 2473 748 utilitatis

474 773 590 838 (sic)
630 773 1223 828 afferebaturvecclesie
1262 791 1355 823 seu
1409 791 1593 823 mense
1645 773 1876 838 prefate,
1934 794 2028 841 pro
2086 777 2246 828 dictis
2300 797 2472 830 carce-

470 857 618 907 ribus
667 858 998 908 auctoritate
1046 858 1349 923 apostolica
1399 858 1693 922 deputavit
1741 869 2006 924 perpetuo
2057 862 2323 912 mandans
2374 863 2468 913 ibi-

466 942 588 990 dem
637 941 751 991 fieri
793 960 886 992 seu
931 943 1174 992 construi
1234 960 1471 992 carceres
1533 942 1846 1006 prelibatos,
1910 955 2074 1009 prout
2132 946 2186 996 in
2232 948 2472 1012 quodam

469 1026 687 1090 publico
727 1025 1093 1076 instrumento
1135 1026 1261 1076 inde
1281 1026 1530 1081 confecto
1573 1025 1783 1091 plenius
1826 1027 2026 1077 dicitur
2067 1030 2350 1081 contineri.
2399 1032 2473 1082 Ut

466 1109 632 1173 igitur
669 1110 929 1175 premissa
970 1110 1231 1162 maiorem
1269 1111 1515 1162 habeant
1552 1110 1759 1160 roboris
1802 1110 2126 1163 firmitatem
2164 1115 2474 1181 deputatio-

466 1211 591 1243 nem
621 1204 676 1244 et
706 1196 1034 1246 mandatum
1065 1195 1332 1262 predicta,
1364 1205 1636 1260 tanquam
1667 1195 1894 1260 provide
1923 1196 2072 1248 facta
2103 1209 2225 1251 rata
2271 1201 2469 1252 haben-

469 1289 550 1329 tes
578 1288 635 1328 et
662 1290 816 1345 grata
845 1299 906 1331 ea
934 1280 1272 1332 auctoritate
1299 1279 1601 1345 apostolica
1631 1279 1876 1344 predicta
1904 1291 2095 1332 tenore
2139 1284 2472 1349 presentium

462 1364 853 1429 approbamus,
886 1365 1228 1416 ratificamus
1247 1375 1302 1414 et
1320 1364 1490 1414 etiam
1511 1364 1774 1415 confirma
1786 1383 1902 1414 mus
1920 1367 2238 1432 supplentes
2257 1386 2471 1420 omnem

466 1446 762 1511 defectum,
791 1448 835 1499 si
863 1449 982 1514 quis
1011 1449 1196 1499 forsan
1226 1448 1586 1498 interveniret
1613 1447 1667 1497 in
1697 1448 1971 1523 predictis.
1997 1450 2143 1501 Nulli
2170 1470 2314 1518 ergo,
2343 1463 2465 1515 etc„

460 1541 649 1582 nostre
693 1534 1130 1599 approbationis,
1177 1532 1564 1583 ratificationis
1609 1542 1664 1580 et
1709 1533 2146 1586 confirmationis
2163 1536 2466 1602 infringere,

461 1625 564 1665 etc.
596 1644 666 1651 —
694 1617 903 1668 Datum
932 1619 1078 1683 apud
1111 1618 1533 1676 Villamnovam,
1565 1614 1888 1666 Avinionen.
1921 1617 2165 1680 diocesis,
2199 1639 2258 1670 XI
2289 1621 2470 1672 kalen-

465 1699 561 1749 das
595 1702 832 1765 augusti,
870 1702 1227 1768 pontificatus
1263 1700 1435 1750 nostri
1469 1718 1610 1748 anno
1646 1710 1818 1749 sexto.

519 1857 559 1897 1.
595 1857 648 1897 Ν.
678 1858 777 1910 290,
804 1866 910 1899 note
937 1862 976 1899 3.

518 1927 558 1967 2.
592 1927 709 1969 Jean
739 1929 973 1970 Isambard
1005 1930 1079 1982 (2¹).
1115 1929 1224 1968 Gall.
1253 1927 1413 1978 christ„
1442 1934 1472 1966 1.
1503 1940 1600 1977 xvl,
1627 1926 1707 1966 col.
1736 1926 1833 1966 181.

1234 2164 1733 2175 ——.-.--—-—————-

1311 2372 1657 2432 —307—

516 2513 596 2581 'Le
620 2550 760 2597 pape
786 2533 963 2583 e'tablit
988 2534 1158 2584 l'hotel
1182 2536 1241 2585 de
1266 2536 1652 2602 l’Inquisition,
1672 2541 1704 2586 ἀ
1729 2537 1946 2598 Vienne,
1976 2537 2125 2586 dans‘
2137 2553 2235 2584 une
2263 2531 2462 2583 maison

454 2627 809 2681 appartenant
843 2636 914 2667 αα
949 2619 1180 2684 chapitre
1214 2631 1258 2669 et
1292 2621 1395 2671 sise
1430 2627 1546 2686 pres
1582 2623 1641 2671 de
1676 2622 1916 2687 l'hapital
1951 2622 2011 2671 de
2047 2631 2165 2670 cette
2214 2618 2349 2668 ville.
2399 2643 2464 2651 —

461 2702 794 2764 Villeneuve,
832 2703 896 2751 22
931 2703 1111 2768 juillet
1149 2704 1300 2755 1376.

797 2837 902 2890 Reg.
935 2838 1051 2891 Van„
1080 2846 1112 2879 t.
1144 2853 1399 2891 ccnxxxvt,
1428 2841 1503 2881 fol.
1534 2842 1632 2892 186,
1663 2857 1705 2881 n.
1735 2842 1817 2882 730
1842 2856 1851 2888 ;
1880 2841 1985 2892 Reg.
2019 2839 2133 2891 Vat„
2163 2847 2194 2879 t.
2215 2849 2466 2887 chxxxlx,

741 2908 817 2949 fol.
846 2909 914 2949 30.

525 3028 607 3078 Ad
650 3040 976 3095 perpetuam
1016 3030 1092 3080 rei
1134 3031 1472 3082 memoriam.
1515 3060 1583 3066 —
1622 3032 1705 3081 Ad
1749 3030 2223 3082 conservationem
2261 3037 2316 3077 et
2353 3043 2460 3077 am-

452 3112 774 3178 pliationem
829 3114 1021 3164 fidei...
1079 3115 1219 3167 Sane
1273 3134 1396 3165 cum
1449 3116 1686 3165 officium
1744 3114 2120 3181 Inquisitionis
2172 3107 2458 3179 pravitatis
2539 3114 2540 3140 ³

451 3197 687 3247 heretice
730 3198 785 3248 in
828 3199 1056 3249 civitate
1101 3200 1362 3250 Viennen.
1408 3200 1687 3266 propriam
1729 3200 1955 3248 domum
1998 3217 2107 3249 non
2149 3198 2348 3247 habeat
2388 3191 2454 3243 ad

452 3300 619 3346 quam
660 3282 955 3348 inquisitor
997 3284 1290 3349 pravitatis
1333 3285 1577 3335 eiusdem
1619 3284 1859 3333 existens
1882 3303 1973 3348 pro
2016 3293 2261 3347 tempore
2303 3275 2455 3328 decli·

455 3384 584 3416 nare
610 3367 813 3429 valeat,
841 3378 897 3416 et
922 3368 976 3417 in
1003 3386 1064 3418 ea
1092 3388 1252 3418 suum
1279 3369 1517 3418 officium
1543 3385 1809 3429 exercere,
1837 3385 1933 3418 nos
1961 3384 2121 3432 super
2148 3357 2456 3415 huiusmodi

456 3449 674 3500 defectu
732 3462 896 3516 prout
953 3453 1176 3518 expedit
1234 3454 1518 3518 providere
1576 3453 1842 3513 volentes,
1901 3451 2181 3517 quandam
2238 3449 2454 3498 domum
2525 3470 2529 3501 ,ε

456 3534 781 3583 dilectorum
832 3535 1067 3585 filiorum
1115 3537 1342 3602 capituli
1391 3538 1652 3587 Viennen.
1704 3536 1865 3585 sitam
1911 3535 1965 3584 in
2026 3534 2172 3584 dicta
2233 3531 2454 3582 civitate
2524 3544 2526 3555 ·

458 3635 624 3682 prope
669 3618 939 3683 hospitale
984 3620 1274 3670 elemosine
1323 3622 1605 3681 Vieunen„
1653 3620 1807 3669 iuxta
1856 3618 2021 3667 situm
2054 3617 2187 3667 dicti
2221 3612 2454 3679 hospita·
2521 3649 2523 3667 j

457 3701 518 3749 lis
561 3702 630 3750 ab
672 3719 779 3751 una
824 3713 979 3766 parte
1023 3714 1077 3752 et
1121 3715 1303 3753 ortum
1347 3706 1540 3754 domus
1583 3689 1860 3753 Bonarum
1903 3701 2129 3751 vallium
2160 3718 2226 3749 ex
2269 3699 2450 3754 altera,
2517 3696 2522 3734 ἶ

456 3784 601 3832 dicto
662 3784 834 3833 officio
892 3799 988 3851 pro
1044 3789 1386 3838 habitatione
1439 3790 1682 3838 eiusdem
1735 3785 2075 3852 inquisitoris
2130 3794 2451 3845 suorumque
2515 3803 2518 3837 ,τ
