2540 4354
517 339 619 396 366
776 336 779 339 ’
905 355 1193 391 ΒυιιΑῐΒΕ
1241 359 1312 389 DE
1357 338 1773 400 L'INQUISI'I'ION
1818 359 2136 402 FRANGAISE

517 493 610 541 per
654 491 832 525 sacros
879 490 1112 523 canones
1157 483 1213 522 et
1257 473 1398 537 leges
1444 475 1726 540 provisum
1770 475 1992 536 existat,
2039 475 2285 525 volentes
2330 486 2514 527 tamen

513 576 581 608 ex
628 556 976 608 habundanti
1022 557 1220 606 nostris
1268 558 1518 608 remediis
1568 559 1765 609 futuris
1814 559 2062 625 periculis
2110 559 2165 608 in
2212 559 2313 610 hac
2361 571 2513 625 parte

513 641 803 693 salubriter
849 641 1089 701 obviare,
1137 652 1198 690 ut
1244 641 1507 692 timeatur
1552 643 1785 708 amplius
1835 643 1978 708 quod
2013 643 2318 708 specialiter
2351 662 2514 710 quam

513 727 657 792 quod
702 726 1022 790 generaliter
1064 726 1227 775 fuerit
1245 727 1977 790 interdictum,fraternitati
1996 738 2173 777 vestre
2196 739 2381 777 tenore
2400 747 2513 794 pre·

511 811 748 860 sentium
769 810 1167 860 committimus
1188 821 1242 859 et
1266 812 1592 861 mandamus
1628 812 1887 877 quatinus
1909 830 2003 877 per
2048 830 2163 873 vos,
2200 813 2285 860 vel
2328 813 2518 883 >alium,

510 913 602 944 seu
640 895 791 957 alios,
828 912 923 960 per
957 894 1240 960 publicum
1277 895 1519 945 edictum
1558 897 1976 961 proponendum
2013 896 2067 945 in
2103 896 2298 946 vestris
2335 899 2514 948 cathe-

511 979 753 1029 dralibus
799 988 855 1028 et
901 978 1018 1029 aliis
1068 978 1362 1030 civitatum
1410 990 1465 1029 et
1513 980 1791 1030 diocesum
1839 991 2149 1030 vestrarum
2183 981 2417 1031 ecclesiis
2462 982 2516 1033 in

512 1063 708 1128 quibus
740 1062 795 1114 id
826 1062 1140 1113 faciendum
1172 1063 1419 1114 videritis
1453 1064 1727 1130 expedire,
1762 1064 2028 1114 universis
2061 1075 2115 1114 et
2148 1065 2369 1129 singulis
2402 1084 2514 1132 per-

509 1148 652 1197 sonis
682 1146 1075 1213 cuiuscumque
1104 1159 1302 1210 status,
1335 1148 1558 1211 ordinis,
1589 1167 1769 1210 sexus,
1800 1150 1886 1198 vel
1907 1149 2237 1200 conditionis
2255 1150 2515 1217 existant,

507 1250 574 1281 ex
612 1243 768 1297 parte
805 1243 992 1283 nostra
1065 1233 1311 1283 inhibere
1350 1233 1548 1283 curetis
1586 1233 1662 1284 eis
1702 1235 1803 1283 sub
1841 1234 2426 1286 excommunicationis
2462 1220 2529 1288 in¹

508 1335 765 1382 personas
803 1328 857 1366 et
893 1317 1173 1367 interdicti
1208 1317 1264 1367 in
1299 1328 1473 1368 terras
1509 1336 1718 1380 eorum,
1756 1318 1801 1368 si
1837 1335 1972 1383 quas
2020 1319 2332 1381 habuerint,
2367 1320 2516 1385 penis

507 1401 755 1450 districte
790 1403 1135 1464 mandantes,
1172 1421 1238 1451 ne
1274 1421 1512 1453 carceres
1548 1402 1682 1452 dicti
1700 1402 1942 1468 episcopi
1974 1404 2062 1452 vel
2096 1403 2229 1453 alios
2247 1403 2302 1453 in
2322 1404 2514 1470 quibus

506 1485 671 1535 iidem
705 1486 913 1552 captivi
945 1487 1341 1536 detinebuntur
1375 1487 1591 1552 publice
1623 1488 1711 1537 vel
1744 1488 1972 1549 occulte,
2007 1488 2215 1553 aperire
2249 1507 2341 1539 seu
2374 1489 2513 1542 fran-

507 1588 629 1634 gere
665 1582 763 1621 aut
799 1571 947 1622 aliud
967 1590 1062 1637 pro
1084 1571 1230 1636 fuga,
1269 1589 1362 1621 seu
1399 1572 1643 1622 violenta
1681 1583 1779 1622 aut
1816 1572 2156 1623 clandestina
2194 1573 2536 1624 liberatione·

507 1654 780 1705 dictorum
828 1656 1176 1722 captivorum
1222 1667 1404 1722 preter
1451 1656 1844 1707 conscientiam
1890 1668 1945 1706 et
1991 1657 2340 1708 voluntatem
2385 1657 2514 1708 dicti

509 1739 750 1806 episcopi
797 1740 1183 1791 Carcassonen.
1233 1751 1572 1806 attemptare
1619 1752 1940 1806 presumant
1988 1752 2086 1793 aut
2133 1741 2512 1807 attemptanti-

512 1825 611 1874 bus
654 1825 783 1875 dare
824 1825 1110 1874 consilium
1150 1835 1206 1873 et
1246 1825 1520 1886 savorem3
1561 1825 1804 1890 alioquin
1844 1826 1900 1875 in
1940 1844 2196 1891 personas
2230 1827 2361 1878 talia
2402 1843 2513 1892 pre-

519 1910 854 1959 sumentium
894 1909 1481 1960 excommunicationis
1521 1921 1576 1959 et
1616 1911 1670 1960 in
1709 1920 1880 1960 terras
1921 1928 2127 1971 eorum,
2169 1911 2211 1960 si
2252 1929 2384 1976 quas
2424 1911 2511 1962 ha-

510 1994 748 2057 buerint,
792 1994 1074 2044 interdicti
1116 1994 1418 2044 sententias
1462 1994 1797 2045 auctoritate
1839 2005 2026 2046 nostra
2047 1995 2427 2060 promulgetis3
2458 2003 2510 2044 et

504 2078 598 2127 ubi
627 2078 785 2128 vobis
816 2078 1128 2130 constiterit
1157 2079 1368 2143 aliquos
1399 2079 1465 2128 de
1508 2079 1704 2128 vestris
1748 2079 2069 2130 civitatibus
2114 2090 2168 2128 et
2211 2079 2507 2131 diocesibus

503 2181 597 2213 seu
631 2163 686 2214 in
719 2163 923 2214 eisdem
958 2174 1013 2212 et
1045 2163 1289 2229 ipsarum
1324 2163 1507 2228 aliqua
1544 2174 1734 2215 contra
1783 2174 2045 2226 vestram,
2095 2183 2223 2229 ymo
2270 2175 2509 2217 nostram

501 2248 888 2298 inhibitionem
919 2247 1234 2298 huiusmodi
1266 2258 1651 2313 attemptasse,
1685 2249 1863 2314 dequa
1884 2248 2178 2299 summarie
2195 2259 2250 2298 et
2269 2250 2334 2298 de
2352 2251 2508 2314 plano

502 2334 661 2398 [etc.],
693 2332 891 2397 singuli
920 2343 1168 2383 vestrum
1199 2332 1255 2382 in
1286 2332 1394 2382 suis
1441 2333 1761 2383 civitatibus
1793 2343 1848 2382 et
1896 2333 2200 2383 diocesibus
2246 2351 2301 2383 se
2401 2343 2508 2384 stu·

503 2417 672 2469 deant
709 2417 1023 2479 informare,
1066 2417 1286 2483 publice
1324 2417 1596 2467 nuncietis
1636 2418 1856 2467 eosdem
1896 2428 1951 2467 et
1989 2417 2233 2483 ipsorum
2264 2414 2511 2483 terras,si'

511 2519 646 2566 quas
696 2501 1008 2563 habuerint,
1060 2512 1123 2551 ut
1173 2501 1460 2567 prefertur,
1513 2501 1827 2552 huiusmodi
1876 2502 2160 2553 sententiis
2223 2501 2508 2566 subiacere,

511 2604 635 2636 cum
685 2586 1111 2637 comminatione
1162 2587 1309 2652 quod
1358 2586 1742 2637 nichilominus
1792 2596 1980 2637 contra
2043 2586 2187 2653 ipsos
2250 2597 2508 2652 tanquam

511 2681 701 2722 contra
739 2671 982 2722 fautores
1019 2671 1383 2721 hereticorum
1419 2681 1585 2737 prout
1621 2671 1890 2722 suadebat
1926 2670 2139 2722 iusticia
2178 2671 2508 2738 procedetur.

502 2782 570 2789 —
603 2755 810 2807 Datum
843 2766 906 2805 ut
937 2774 1119 2822 supra.

563 2933 603 2974 ’1.
638 2932 745 2974 Voir
767 2948 843 2974 sur
865 2941 984 2977 cette
1008 2933 1162 2975 affaire
1186 2934 1226 2976 le
1249 2949 1291 2976 n.
1317 2934 1418 2987 233,
1441 2942 1548 2977 note
1569 2934 1610 2976 4.

1337 3300 1685 3361 -248-

578 3468 825 3534 L’e'veque
873 3478 916 3517 et
965 3463 1326 3531 l’inquisiteur
1377 3465 1437 3515 de
1486 3466 1853 3516 Carcassonne
1902 3465 2153 3525 receivent
2215 3466 2394 3516 Z’ordre
2448 3462 2503 3514 de

506 3554 639 3617 faire
676 3571 775 3602 une
808 3555 1018 3617 enquete
1050 3568 1143 3599 sur
1177 3549 1229 3598 la
1261 3550 1570 3614 culpabilia}
1603 3551 1689 3600 des
1722 3561 1834 3615 sept
1868 3550 2005 3614 chess
2038 3551 2098 3599 de
2136 3551 2339 3612 bandes,
2374 3550 2499 3598 leurs

501 3637 848 3701 prisonnierS,
895 3647 938 3685 et
981 3635 1100 3684 d’en
1143 3652 1362 3698 envoyer
1405 3652 1475 3684 αιι
1518 3653 1656 3699 pape
1699 3635 1743 3684 le
1799 3634 2015 3695 dossier,
2076 3635 2161 3684 des
2216 3634 2343 3700 qu'il
2395 3648 2499 3682 sera

504 3722 719 3773 termine
745 3721 777 3771 ¹.
815 3753 864 3758 —v
915 3719 1183 3783 Avignon,
1223 3717 1286 3766 19
1319 3720 1540 3768 octobre
1577 3719 1725 3769 1364.
