2540 4354
424 403 525 454 390
814 418 1103 450 notamur:
1150 418 1221 447 DE
1266 399 1683 457 L’INQUISITION
1730 418 2046 461 FnANcAtsn

422 543 563 583 esset
599 531 875 582 notorium
915 532 1059 597 quod
1100 551 1209 582 non
1247 543 1431 598 posset
1469 532 1601 598 quin
1637 545 1779 583 esset
1817 545 2010 599 potens
2048 534 2230 599 aliqua
2269 538 2428 601 tergi-

423 617 732 667 versatione
768 617 929 667 celari
966 617 1050 665 vel
1087 636 1181 682 per
1217 616 1565 682 negationem
1602 617 1655 667 in
1691 616 1920 667 dubium
1955 618 2214 670 revocari.
2269 620 2423 682 Quod

424 701 467 751 si
502 719 662 765 super
699 699 1010 750 huiusmodi
1048 700 1296 766 potentia
1335 701 1589 751 dubietas
1627 701 1852 762 oriatur,
1875 702 2201 767 precipimus
2239 714 2301 751 ut
2337 722 2430 770 pcr

423 784 771 850 inquisitores
810 803 918 834 non
957 784 1102 835 facta
1142 784 1296 834 vobis
1336 785 1708 850 publicatione
1746 785 2026 847 iamdicta,
2066 787 2134 837 ad
2175 787 2428 838 ulteriora

426 868 645 919 minime
690 869 1018 933 procedatur
1059 878 1360 933 antequam
1403 869 1455 918 id
1499 869 1643 919 dicte
1688 869 1811 920 Sedi
1852 870 2111 921 refferant
2143 882 2432 936 etrespon-

423 953 631 1003 sionem
682 952 971 1002 obtineant
1020 954 1091 1003 ab
1139 953 1358 1014 eadem3
1409 954 1762 1003 decernentes
1812 954 2028 1004 irritum
2077 965 2132 1003 et
2181 954 2341 1006 inane
2392 955 2435 1004 si

422 1055 575 1086 secus
614 1055 776 1101 super
812 1036 912 1086 hiis
951 1036 1242 1101 contigerit
1277 1037 1621 1102 attemptari.
1663 1037 1810 1088 Nulli
1844 1056 1968 1103 ergo
2019 1041 2173 1105 [ete.].
2214 1068 2282 1074 ——
2333 1040 2436 1090 Da-

428 1131 547 1169 tum
595 1120 859 1185 Anagnie,
906 1121 1061 1171 nonis
1107 1121 1239 1183 iulii,
1287 1121 1645 1187 pontificatus
1691 1123 1863 1173 nostri
1907 1143 2049 1174 anno
2096 1124 2307 1189 quinto,
2338 1143 2358 1169 >³

506 1206 613 1255 Nos
649 1205 815 1270 igitur
849 1224 916 1254 ex
951 1206 1217 1256 similibus
1254 1207 1429 1256 causis
1468 1207 1603 1256 moti
1640 1207 1843 1272 pariter
1877 1218 1932 1257 et
1966 1208 2179 1258 inducti
2228 1208 2440 1274 privile-

427 1290 575 1354 gium
618 1289 799 1355 ipsum
842 1291 910 1341 ad
954 1310 1051 1340 vos
1094 1302 1149 1340 et
1191 1302 1439 1341 vestrum
1483 1292 1720 1357 singulos
1764 1293 2098 1343 auctoritate
2141 1292 2440 1359 apostolica

425 1374 795 1436 extendimus,
848 1376 1116 1442 vobisque
1183 1376 1569 1427 nichilominus
1622 1377 1969 1427 concedimus
2022 1396 2116 1442 per
2166 1387 2440 1443 presentes

433 1460 580 1523 quod
623 1459 903 1524 privilegio
945 1460 1061 1525 ipso
1105 1460 1327 1525 perinde
1368 1480 1397 1511 a
1441 1461 1570 1512 data
1615 1462 1950 1526 presentium
1994 1463 2226 1526 gaudere
2267 1471 2321 1510 et
2362 1461 2442 1511 uti

370 1563 373 1565 ·
439 1543 656 1607 possitis
692 1562 755 1594 ac
789 1544 832 1594 si
866 1545 1022 1594 vobis
1058 1544 1324 1595 universis
1359 1555 1415 1594 et
1449 1545 1671 1610 singulis
1708 1564 1802 1610 per
1837 1546 2047 1595 dictum
2082 1545 2441 1606 Bonifacium,

436 1628 893 1694 predecessorem,
929 1629 1237 1694 specialiter
1303 1640 1357 1679 et
1424 1648 1675 1696 expresse
1756 1649 2071 1680 concessum
2152 1631 2439 1684 extitisset.

433 1712 580 1762 Nulli
626 1730 749 1777 ergo
799 1715 953 1778 [ete.].
1004 1742 1072 1747 ——
1121 1714 1328 1763 Datum
1377 1715 1523 1779 apud
1576 1715 1806 1764 Pontem
1855 1715 2054 1779 Sorgie,
2119 1715 2441 1767 Avinionen.

432 1796 678 1858 diocesis,
723 1797 967 1847 kalendis
1010 1798 1162 1859 iunii,
1206 1816 1349 1848 anno
1390 1799 1627 1848 secundo
1656 1798 1689 1848 3.

514 1948 790 1998 Universis
832 1958 888 1996 et
929 1947 1153 2013 singulis
1196 1946 1367 1997 iudeis
1410 1947 1464 1996 in
1508 1947 1777 1998 comitatu
1821 1947 2099 2014 provincie
2158 1949 2437 2000 Provincie

434 2031 770 2094 constitutis,
809 2031 1076 2082 catholice
1116 2031 1242 2081 fidei
1279 2050 1599 2096 cognoscere
1638 2031 1949 2082 veritatem.
1989 2061 2057 2068 -—-
2095 2033 2315 2083 Dudum
2352 2033 2467 2086 fel.'

434 2137 536 2168 rec.
579 2121 710 2182 [ele.,
751 2135 944 2166 comme
982 2115 1254 2178 ci-dessus‚
1293 2115 1507 2182 jusqu’d
1546 2117 1599 2165 la
1638 2116 1752 2182 fin}

498 2287 536 2327 1.
573 2285 757 2339 Digard,
786 2286 891 2337 Reg.
922 2285 973 2326 de
1000 2285 1211 2338 Bonisace
1250 2287 1379 2337 VIII,
1410 2300 1453 2325 n.
1484 2286 1612 2337 3063,
1628 2286 1755 2326 3215.

499 2358 538 2398 2.
574 2357 705 2398 Sexli‘
722 2357 903 2408 Decrel„
921 2355 997 2396 lib.
1016 2356 1071 2408 V,
1090 2355 1161 2396 tit.
1182 2370 1232 2408 11,
1251 2370 1348 2409 cap.
1368 2357 1435 2397 20.
1454 2356 1611 2397 Avant
1627 2355 1839 2397 Boniface
1857 2356 1988 2409 VIII,
2006 2371 2064 2398 on
2081 2356 2208 2399 avait
2242 2371 2332 2398 une
2352 2364 2447 2398 ten·
2474 2392 2476 2394 ,

436 2429 579 2470 clance
605 2429 630 2467 a
656 2426 910 2481 supprimer
935 2427 1140 2479 toujours
1167 2427 1228 2468 les
1255 2442 1382 2468 noms
1409 2429 1486 2468 des
1513 2426 1705 2468 temoins
1745 2429 1857 2469 dans
1900 2429 1943 2470 la
1983 2427 2109 2482 copie
2150 2430 2227 2470 des
2267 2429 2446 2482 charges

435 2498 573 2539 livree
597 2499 622 2538 a
648 2498 852 2539 l‘accuse.
878 2498 1020 2551 Apres
1046 2496 1123 2549 lui,
1149 2512 1206 2538 on
1231 2506 1316 2551 put
1341 2497 1682 2551 communiquer
1706 2512 1775 2539 ces
1801 2513 1929 2540 noms
1953 2499 2132 2553 lorsque
2156 2506 2259 2541 tout
2281 2501 2446 2552 danger

441 2571 496 2610 de
510 2583 775 2622 -vengeance
798 2569 853 2609 de
876 2569 918 2609 la
942 2576 1047 2622 part
1069 2569 1124 2609 de
1141 2583 1188 2609 ce
1205 2567 1394 2620 dernier,
1411 2567 1612 2625 s’il,‹÷tait
1629 2568 1851 2623 puissant,
1868 2568 1995 2611 avait
2008 2569 2206 2624 disparu.
2226 2570 2289 2612 Cf.
2308 2585 2350 2611 n.
2367 2569 2446 2610 230

435 2647 542 2681 note
568 2641 608 2681 2.

498 2712 538 2750 3.
572 2709 679 2750 Voir
704 2710 904 2751 d’autres
931 2710 1086 2751 lettres
1114 2712 1168 2752 de
1196 2710 1449 2763 protection
1477 2711 1711 2752 accordees
1739 2725 1828 2752 aux
1856 2708 1963 2762 juifs
1991 2718 2145 2752 contre
2172 2711 2233 2752 les
2259 2709 2443 2765 inquisi-

438 2788 560 2822 teurs
592 2795 681 2822 aux
715 2795 758 2821 n.
792 2781 890 2832 230,
924 2781 1022 2832 271,
1054 2781 1152 2822 318.

1291 3200 1607 3258 -271—

518 3366 587 3414 Le
621 3383 758 3429 pape
792 3364 993 3429 consere
1026 3367 1059 3413 ἀ
1092 3364 1145 3413 la
1178 3363 1323 3428 copie
1357 3363 1443 3412 des
1483 3363 1643 3411 balles
1677 3363 1737 3411 de
1773 3362 2027 3427 Bonijace
2071 3362 2216 3412 VIII
2252 3361 2440 3411 insanie

445 3450 578 3499 dans
605 3450 648 3498 le
673 3452 879 3514 pre'sent
902 3448 1177 3498 document
1201 3446 1463 3497 l’aatorite'
1487 3447 1547 3496 de
1573 3445 1847 3511 l'original
1871 3446 2153 3496 lui-meme.
2183 3473 2250 3481 —-
2283 3446 2441 3495 Pont-

445 3534 788 3598 de-Sorgues,
830 3531 910 3581 1er
945 3531 1065 3597 juin
1105 3531 1255 3583 1372.

791 3662 895 3715 Reg.
920 3662 1075 3715 Aven„
1100 3670 1134 3704 t.
1160 3676 1368 3715 ctxxxV,
1391 3662 1467 3705 fol.
1491 3662 1571 3704 431
1601 3667 1665 3703 v0.

524 3783 800 3837 Universis
846 3793 906 3835 et
956 3783 1178 3851 singulis
1235 3783 1414 3837 Iudeis
1464 3783 1535 3840 in,
1571 3783 1841 3836 comitatu
1891 3795 2078 3835 nostro
2132 3775 2462 3849 Venayssini=

2538 3470 2540 3495 J

2532 3629 2537 3740 J

2529 3741 2535 3838 J

2529 3881 2532 3921 J

2525 3932 2531 4009 J
