2540 4354
422 352 521 408 190
807 371 1091 406 nnuman
1134 371 1209 409 DE
1245 352 1661 417 L’momsrrton
1710 371 2028 417 rnANinsss

1252 572 1600 631 -128—

490 735 562 784 Le
595 753 734 800 pape
767 730 932 796 confie
968 737 1000 783 ἀ
1036 733 1161 783 trois
1197 733 1582 783 commissaires
1618 734 1670 783 la
1705 752 1875 783 cause<
1908 733 2104 784 d’Yves
2154 734 2213 783 de
2264 734 2420 784 Ke‘ri·

418 837 542 880 nou,
574 822 741 883 pretre
770 818 842 867 du
870 817 1067 867 diocese
1097 817 1157 867 de
1185 817 1345 880 Le'on,
1378 820 1561 868 accus«.3
1588 816 1792 868 d’avoir
1820 828 1943 868 tenu
1972 818 2059 867 des
2088 837 2280 883 propos
2310 837 2422 868 sus-

417 913 555 968 pects
599 902 862 952 d’heresie.
911 902 981 952 Ce
1024 906 1205 967 pretre,
1254 902 1421 952 de'nue'
1464 902 1524 951 de
1567 920 1870 963 ressources,
1921 920 1983 952 ne
2025 913 2149 968 peut
2194 902 2339 952 venir
2373 921 2425 952 se

416 986 656 1051 desentire
692 987 879 1036 devant
914 987 958 1036 le
995 986 1236 1036 cardinal
1275 986 1500 1052 Jacques
1539 987 1585 1035 F
1588 986 1815 1046 ournier,
1857 986 1948 1051 qui
1985 989 2107 1037 αὲιὲ
2144 987 2329 1050 charge'
2365 987 2425 1036 de

413 1081 531 1120 cette
568 1069 771 1136 affaire.
812 1099 881 1106 —
918 1070 1189 1136 Avignon,
1231 1070 1296 1120 25
1334 1070 1547 1136 janvier
1587 1070 1739 1122 1333.

759 1201 864 1255 Reg.
893 1202 1049 1256 Auen„
1078 1210 1112 1244 t.
1143 1216 1277 1256 xL111,
1305 1202 1383 1244 fol.
1415 1203 1497 1244 539
1529 1207 1593 1244 v0.

489 1323 711 1373 Dilectis
771 1323 952 1374 filiis..
1020 1321 1403 1375 archidiacono
1462 1325 1526 1373 de
1564 1322 1971 1390 0Kementylil
2027 1335 2082 1374 et
2153 1324 2412 1389 magistro

416 1407 753 1470 Guidomari,
804 1426 866 1459 ac
918 1407 1205 1458 Guillelmo
1258 1408 1504 1470 Evenok,
1556 1407 1829 1458 canonicis
1878 1408 2098 1458 ecclesie
2165 1409 2420 1471 Leonem,

412 1493 664 1543 salutem.
707 1491 901 1543 —Sua
942 1491 1096 1542 nobis
1140 1492 1370 1542 dilectus
1415 1492 1556 1542 filius
1600 1492 1722 1542 Yvo
1742 1493 1807 1542 de
1854 1492 2419 1558 Kerinou,rector‘pa-

409 1576 661 1626 rochialis
718 1576 937 1626 ecclesie
993 1578 1057 1626 (16
1116 1576 1415 1627 Plebesizin
1434 1575 1471 1638 2,
1531 1577 1762 1629 Leonen.
1837 1576 2080 1638 diocesis,
2153 1577 2419 1642 petitione

414 1661 746 1711 monstravit
787 1662 932 1726 quod
974 1680 1070 1711 nos
1113 1661 1241 1711 olim
1282 1663 1350 1711 ad
1390 1660 1634 1710 eiusdem
1678 1661 1886 1711 Yvonis
1926 1661 2252 1712 instantiam
2293 1679 2415 1711 cau-

410 1763 495 1795 sas
543 1755 660 1794 tam
708 1764 869 1811 super
914 1743 1061 1795 dicta
1125 1746 1346 1796 ecclesia
1411 1764 1578 1810 quam
1641 1745 1808 1795 etiam
1845 1733 2018 1811 'super
2081 1745 2409 1811 quibusdam

407 1830 586 1880 verbis
633 1848 727 1896 per
771 1831 1060 1880 nonnullos
1106 1831 1313 1880 emulos
1359 1830 1463 1880 sibi
1505 1829 1794 1895 impositis,
1844 1848 1948 1895 que
1983 1829 2205 1895 quidem
2242 1831 2407 1879 verba

411 1913 558 1978 apud
605 1915 873 1979 quosdam
918 1915 1149 1964 heresim
1193 1932 1380 1980 sapere
1424 1915 1766 1974 dicebantur,
1826 1914 2023 1964 dilecto
2071 1914 2181 1964 filio
2225 1925 2408 1963 nostro

408 1998 616 2048 Jacobo
635 2000 672 2058 ³,
716 1999 866 2048 tituli
906 2010 1091 2049 sancte
1137 2000 1331 2062 Prisce,
1361 1997 1664 2065 presbitero
1706 1997 1985 2060 cardinali,
2033 2000 2179 2064 apud
2222 1999 2412 2048 Sedem

407 2083 769 2148 apostolicam
799 2083 1132 2134 audiendam
1164 2083 1534 2134 commisimus
1566 2094 1621 2133 et
1643 2083 1747 2133 fine
1768 2083 1954 2133 debito
1974 2083 2404 2149 terminandam3

404 2184 589 2217 coram
636 2186 743 2234 quo
788 2167 931 2218 inter
975 2186 1097 2221 ven.
1146 2168 1373 2219 fratrem
1433 2178 1685 2218 nostrum
1748 2169 1972 2217 Petrum
1992 2166 2032 2230 ⁴²,
2095 2168 2411 2233 episcopum

407 2251 659 2312 Leonem,
695 2262 751 2302 et
783 2253 1008 2303 dilectos
1045 2253 1181 2303 filios
1219 2253 1569 2303 Guillelmum
1585 2252 1623 2315 5,
1646 2254 1908 2304 abbatem
1933 2252 2250 2303 monasterii
2268 2252 2413 2303 beati

407 2335 613 2385 Mathei
650 2336 704 2386 in
746 2337 1271 2388 Finisbusterrarum
1291 2335 1329 2398 ⁶,
1372 2337 1574 2388 ordinis
1600 2338 1777 2389 sancti
1813 2337 2113 2397 Benedicti,
2148 2356 2210 2388 ac
2247 2337 2412 2402 magi·

405 2429 583 2468 strum
617 2421 940 2470 Mauricium
974 2423 1038 2471 de
1073 2423 1438 2487 Campoduro,
1471 2433 1740 2472 rectorem
1787 2421 2008 2472 ecclesie
2039 2422 2105 2471 (16
2138 2419 2339 2471 Milifac
2372 2421 2410 2482 ⁷,

401 2503 547 2552 dicte
589 2504 833 2567 diocesis,
879 2506 1222 2555 decretorum
1262 2507 1560 2566 doctorem,
1608 2517 1663 2555 et
1706 2505 2044 2571 Prigentium
2089 2506 2155 2555 de
2199 2505 2412 2556 Castro·

401 2586 682 2652 sapientis,
737 2589 937 2639 ordinis
990 2589 1225 2640 fratrum
1278 2590 1705 2655 predicatorum,
1757 2589 1927 2656 ipsius
1979 2589 2219 2655 episcopi
2270 2607 2411 2639 com-

402 2672 675 2722 missarios
710 2683 765 2722 et
797 2673 1140 2725 Bernardum
1155 2673 1391 2735 Cadiaci‚
1413 2672 1796 2740 presbiterum,
1815 2674 1909 2740 qui
1941 2692 1995 2724 se
2015 2674 2208 2725 asserit
2239 2671 2409 2740 ipsius

399 2757 619 2807 ecclesie
655 2759 720 2807 de
756 2759 1055 2809 Plebesizin
1087 2770 1372 2821 rectorem,
1410 2778 1477 2809 ex
1510 2771 1665 2826 parte
1700 2778 1825 2819 una,
1848 2770 1902 2808 et
1921 2759 2138 2822 dictum
2160 2759 2408 2808 Yvonem

400 2842 465 2890 de
516 2842 801 2903 KerrinOU,
851 2861 918 2892 ex
962 2844 1150 2905 altera,
1199 2843 1307 2894 fuit
1349 2843 1406 2894 in
1451 2845 1626 2895 causis
1673 2862 1987 2910 processum
2033 2843 2408 2909 multipliciter

400 2926 734 2977 memoratis,
783 2927 918 2978 Cum
964 2938 1152 2977 autem
1199 2946 1359 2979 cause
1402 2928 1517 2994 ipse
1564 2929 1811 2978 nondum
1855 2925 1964 2977 sint
2011 2927 2185 2977 decise
2205 2926 2406 2976 dictus-

399 3028 502 3074 que
523 3010 646 3060 Yvo
667 3011 731 3060 (16
767 3011 1065 3074 Kerrinou,
1088 3012 1230 3062 sicut
1262 3012 1470 3076 asserit,
1508 3023 1836 3078 paupertate
1870 3012 2153 3077 depressus
2171 3018 2406 3076 nequeat

397 3094 631 3159 amplius
676 3096 822 3160 apud
866 3094 1061 3145 Sedem
1105 3097 1409 3161 predictam
1466 3094 1719 3162 prosequi
1776 3114 1965 3147 causas
2006 3096 2168 3161 ipsas,
2213 3095 2405 3145 discre-

397 3179 534 3228 tioni
579 3190 825 3229 vestre...
876 3181 1203 3232 mandamus
1251 3181 1511 3247 quatinus
1557 3181 1808 3248 partibus
1863 3180 2176 3231 convocatis
2216 3195 2403 3228 causas

395 3264 615 3312 easdem
653 3265 985 3315 auctoritate
1024 3275 1229 3327 nostra,
1270 3266 1500 3316 servatis
1537 3264 1792 3331 legitimis
1832 3265 2170 3331 processibus
2224 3281 2402 3314 coram

397 3346 542 3396 dicto
602 3346 864 3397 cardinali
922 3350 1142 3410 habitis,
1202 3350 1440 3400 audiatis
1499 3361 1553 3399 et
1610 3350 1978 3416 appellatione
2018 3360 2249 3410 remota,
2298 3348 2401 3397 fine

397 3429 581 3479 debito
618 3431 950 3483 decidatis...
988 3462 1057 3468 —
1093 3434 1300 3484 Datum
1336 3432 1611 3497 Avinioni,
1662 3453 1765 3484 vul
1815 3432 2076 3484 kalendas
2126 3431 2400 3493 februarii,

396 3531 538 3563 anno
568 3514 1034 3583 decimoseptimo.

451 3667 490 3708 1.
524 3667 888 3710 L‘archidiacone
928 3670 983 3711 de
1022 3669 1310 3711 Kemenet-Ili
1350 3670 1592 3713 s'etendait
1630 3685 1705 3712 sur
1743 3671 1806 3712 les
1846 3677 2034 3712 cantons
2073 3671 2305 3711 modernes
2345 3669 2398 3710 de

393 3737 640 3790 Lesneven,
669 3740 723 3780 de
746 3739 943 3780 Lannilis
967 3747 1013 3781 et
1034 3741 1090 3781 de
1111 3740 1420 3794 Landerneau,
1444 3742 1555 3783 dans
1577 3741 1786 3786 l’arrond‚
1814 3742 1868 3782 de
1889 3740 2018 3781 Brest
2045 3738 2306 3794 (Finistere).
