<?xml version="1.0" encoding="UTF-8"?>
<!DOCTYPE html PUBLIC "-//W3C//DTD XHTML 1.0 Transitional//EN"
    "http://www.w3.org/TR/xhtml1/DTD/xhtml1-transitional.dtd">
<html xmlns="http://www.w3.org/1999/xhtml" xml:lang="en" lang="en">
 <head>
  <title>
</title>
<meta http-equiv="Content-Type" content="text/html;charset=utf-8" />
  <meta name='ocr-system' content='tesseract 3.04.00' />
  <meta name='ocr-capabilities' content='ocr_page ocr_carea ocr_par ocr_line ocrx_word'/>
</head>
<body>
  <div class='ocr_page' id='page_1' title='image "./bullairedelinqui00cathuoft_0600.png"; bbox 0 0 2540 4354; ppageno 0'>
   <div class='ocr_carea' id='block_1_1' title="bbox 1479 198 1502 218">
    <p class='ocr_par' dir='ltr' id='par_1_1' title="bbox 1479 198 1502 218">
     <span class='ocr_line' id='line_1_1' title="bbox 1479 198 1502 218; baseline 0 0"><span class='ocrx_word' id='word_1_1' title='bbox 1479 198 1502 218; x_wconf 50' lang='lat' dir='ltr'>N</span> 
     </span>
    </p>
   </div>
   <div class='ocr_carea' id='block_1_2' title="bbox 407 296 2022 353">
    <p class='ocr_par' dir='ltr' id='par_1_2' title="bbox 407 296 2022 353">
     <span class='ocr_line' id='line_1_2' title="bbox 407 296 2022 353; baseline -0.006 -2"><span class='ocrx_word' id='word_1_2' title='bbox 407 297 510 351; x_wconf 90' lang='grc'><strong>506</strong></span> <span class='ocrx_word' id='word_1_3' title='bbox 810 311 1099 347; x_wconf 65' lang='lat' dir='ltr'><strong>suntuna</strong></span> <span class='ocrx_word' id='word_1_4' title='bbox 1126 311 1202 344; x_wconf 65' lang='grc' dir='ltr'><strong>»Β</strong></span> <span class='ocrx_word' id='word_1_5' title='bbox 1244 296 1661 353; x_wconf 69' lang='lat' dir='ltr'><strong>L’momsxnon</strong></span> <span class='ocrx_word' id='word_1_6' title='bbox 1704 308 2022 353; x_wconf 60' lang='lat' dir='ltr'><strong>rutinensis</strong></span> 
     </span>
    </p>
   </div>
   <div class='ocr_carea' id='block_1_3' title="bbox 402 423 2418 1756">
    <p class='ocr_par' dir='ltr' id='par_1_3' title="bbox 404 423 2414 986">
     <span class='ocr_line' id='line_1_3' title="bbox 406 423 2414 490; baseline -0.003 -8"><span class='ocrx_word' id='word_1_7' title='bbox 406 432 599 482; x_wconf 88' lang='lat' dir='ltr'><strong>Petrus</strong></span> <span class='ocrx_word' id='word_1_8' title='bbox 655 427 918 490; x_wconf 87' lang='lat' dir='ltr'><strong>Barrerie,</strong></span> <span class='ocrx_word' id='word_1_9' title='bbox 974 426 1196 478; x_wconf 83' lang='lat' dir='ltr'><strong>auditor</strong></span> <span class='ocrx_word' id='word_1_10' title='bbox 1250 425 1460 477; x_wconf 91' lang='lat' dir='ltr'><strong>domini</strong></span> <span class='ocrx_word' id='word_1_11' title='bbox 1515 424 1804 477; x_wconf 88' lang='lat' dir='ltr'><strong>cardinalis</strong></span> <span class='ocrx_word' id='word_1_12' title='bbox 1861 427 1927 477; x_wconf 89' lang='lat' dir='ltr'><strong>de</strong></span> <span class='ocrx_word' id='word_1_13' title='bbox 1984 426 2326 476; x_wconf 88' lang='lat' dir='ltr'><strong>Caramanno</strong></span> <span class='ocrx_word' id='word_1_14' title='bbox 2352 423 2414 488; x_wconf 84' lang='lat'><strong>¹⁸,</strong></span> 
     </span>
     <span class='ocr_line' id='line_1_4' title="bbox 404 507 2408 581; baseline -0.002 -16"><span class='ocrx_word' id='word_1_15' title='bbox 404 515 588 581; x_wconf 89' lang='lat' dir='ltr'><strong>legum</strong></span> <span class='ocrx_word' id='word_1_16' title='bbox 640 515 852 575; x_wconf 89' lang='lat' dir='ltr'><strong>doctor,</strong></span> <span class='ocrx_word' id='word_1_17' title='bbox 913 510 1116 573; x_wconf 89' lang='lat' dir='ltr'><strong>Helias,</strong></span> <span class='ocrx_word' id='word_1_18' title='bbox 1172 510 1394 561; x_wconf 80' lang='lat' dir='ltr'><strong>auditor</strong></span> <span class='ocrx_word' id='word_1_19' title='bbox 1448 508 1658 561; x_wconf 91' lang='lat' dir='ltr'><strong>domini</strong></span> <span class='ocrx_word' id='word_1_20' title='bbox 1712 508 2002 560; x_wconf 89' lang='lat' dir='ltr'><strong>cardinalis</strong></span> <span class='ocrx_word' id='word_1_21' title='bbox 2057 511 2122 560; x_wconf 91' lang='lat' dir='ltr'><strong>de</strong></span> <span class='ocrx_word' id='word_1_22' title='bbox 2178 509 2327 560; x_wconf 92' lang='lat' dir='ltr'><strong>Mota</strong></span> <span class='ocrx_word' id='word_1_23' title='bbox 2353 507 2408 572; x_wconf 83' lang='lat'><strong>¹⁹,</strong></span> 
     </span>
     <span class='ocr_line' id='line_1_5' title="bbox 408 592 2411 663; baseline -0.003 -15"><span class='ocrx_word' id='word_1_24' title='bbox 408 599 631 663; x_wconf 91' lang='lat' dir='ltr'><strong>Symon,</strong></span> <span class='ocrx_word' id='word_1_25' title='bbox 677 595 825 662; x_wconf 89' lang='lat' dir='ltr'><strong>prior</strong></span> <span class='ocrx_word' id='word_1_26' title='bbox 880 597 945 646; x_wconf 91' lang='lat' dir='ltr'><strong>de</strong></span> <span class='ocrx_word' id='word_1_27' title='bbox 1003 595 1182 660; x_wconf 81' lang='lat' dir='ltr'><strong>BleyS‚</strong></span> <span class='ocrx_word' id='word_1_28' title='bbox 1241 593 1463 646; x_wconf 83' lang='lat' dir='ltr'>auditor</span> <span class='ocrx_word' id='word_1_29' title='bbox 1519 592 1730 645; x_wconf 91' lang='lat' dir='ltr'><strong>domini</strong></span> <span class='ocrx_word' id='word_1_30' title='bbox 1786 592 2078 645; x_wconf 90' lang='lat' dir='ltr'><strong>cardinalis</strong></span> <span class='ocrx_word' id='word_1_31' title='bbox 2164 593 2411 642; x_wconf 89' lang='lat' dir='ltr'><strong>Lemovi-</strong></span> 
     </span>
     <span class='ocr_line' id='line_1_6' title="bbox 407 676 2412 742; baseline -0.003 -10"><span class='ocrx_word' id='word_1_32' title='bbox 407 681 578 734; x_wconf 90' lang='lat' dir='ltr'><strong>censis</strong></span> <span class='ocrx_word' id='word_1_33' title='bbox 605 679 661 742; x_wconf 80' lang='lat'><strong>²⁰,</strong></span> <span class='ocrx_word' id='word_1_34' title='bbox 717 681 909 730; x_wconf 89' lang='lat' dir='ltr'><strong>Petrus</strong></span> <span class='ocrx_word' id='word_1_35' title='bbox 960 681 1026 729; x_wconf 90' lang='lat' dir='ltr'><strong>de</strong></span> <span class='ocrx_word' id='word_1_36' title='bbox 1080 678 1320 740; x_wconf 90' lang='lat' dir='ltr'><strong>Perusio‚</strong></span> <span class='ocrx_word' id='word_1_37' title='bbox 1371 679 1679 729; x_wconf 87' lang='lat' dir='ltr'><strong>advocatus</strong></span> <span class='ocrx_word' id='word_1_38' title='bbox 1734 676 1930 727; x_wconf 85' lang='lat' dir='ltr'><strong>fiscalis</strong></span> <span class='ocrx_word' id='word_1_39' title='bbox 1981 676 2190 728; x_wconf 91' lang='lat' dir='ltr'><strong>domini</strong></span> <span class='ocrx_word' id='word_1_40' title='bbox 2239 676 2412 727; x_wconf 81' lang='lat' dir='ltr'><strong>nostri</strong></span> 
     </span>
     <span class='ocr_line' id='line_1_7' title="bbox 405 761 2412 834; baseline -0.002 -17"><span class='ocrx_word' id='word_1_41' title='bbox 405 785 564 834; x_wconf 91' lang='lat' dir='ltr'><strong>pape,</strong></span> <span class='ocrx_word' id='word_1_42' title='bbox 604 764 923 814; x_wconf 90' lang='lat' dir='ltr'><strong>Guillelmus</strong></span> <span class='ocrx_word' id='word_1_43' title='bbox 960 765 1026 813; x_wconf 93' lang='lat' dir='ltr'><strong>de</strong></span> <span class='ocrx_word' id='word_1_44' title='bbox 1064 764 1348 825; x_wconf 89' lang='lat' dir='ltr'><strong>Cadereto,</strong></span> <span class='ocrx_word' id='word_1_45' title='bbox 1386 761 1609 813; x_wconf 83' lang='lat' dir='ltr'><strong>auditor</strong></span> <span class='ocrx_word' id='word_1_46' title='bbox 1644 761 1852 813; x_wconf 90' lang='lat' dir='ltr'><strong>domini</strong></span> <span class='ocrx_word' id='word_1_47' title='bbox 1871 761 2160 813; x_wconf 88' lang='lat' dir='ltr'><strong>cardinalis</strong></span> <span class='ocrx_word' id='word_1_48' title='bbox 2201 761 2412 813; x_wconf 90' lang='lat' dir='ltr'><strong>Ostien-</strong></span> 
     </span>
     <span class='ocr_line' id='line_1_8' title="bbox 407 845 2411 911; baseline -0.003 -10"><span class='ocrx_word' id='word_1_49' title='bbox 407 850 479 901; x_wconf 86' lang='lat' dir='ltr'><strong>sis</strong></span> <span class='ocrx_word' id='word_1_50' title='bbox 499 848 560 911; x_wconf 74' lang='lat'><strong>21,</strong></span> <span class='ocrx_word' id='word_1_51' title='bbox 579 849 927 899; x_wconf 89' lang='lat' dir='ltr'><strong>decretorum</strong></span> <span class='ocrx_word' id='word_1_52' title='bbox 960 849 1233 906; x_wconf 82' lang='lat' dir='ltr'><strong>doctores,</strong></span> <span class='ocrx_word' id='word_1_53' title='bbox 1251 857 1305 895; x_wconf 87' lang='lat' dir='ltr'><strong>et</strong></span> <span class='ocrx_word' id='word_1_54' title='bbox 1328 847 1607 897; x_wconf 85' lang='lat' dir='ltr'><strong>Johannes</strong></span> <span class='ocrx_word' id='word_1_55' title='bbox 1633 845 1852 895; x_wconf 89' lang='lat' dir='ltr'><strong>Henrici</strong></span> <span class='ocrx_word' id='word_1_56' title='bbox 1869 845 1924 897; x_wconf 91' lang='lat' dir='ltr'><strong>in</strong></span> <span class='ocrx_word' id='word_1_57' title='bbox 1942 845 2148 911; x_wconf 86' lang='lat' dir='ltr'><strong>legibus</strong></span> <span class='ocrx_word' id='word_1_58' title='bbox 2167 845 2411 895; x_wconf 86' lang='lat' dir='ltr'><strong>licentia-</strong></span> 
     </span>
     <span class='ocr_line' id='line_1_9' title="bbox 404 948 511 986; baseline -0.009 0"><span class='ocrx_word' id='word_1_59' title='bbox 404 948 511 986; x_wconf 86' lang='lat' dir='ltr'><strong>tus.</strong></span> 
     </span>
    </p>

    <p class='ocr_par' dir='ltr' id='par_1_4' title="bbox 409 1013 2413 1166">
     <span class='ocr_line' id='line_1_10' title="bbox 481 1013 2413 1084; baseline -0.002 -16"><span class='ocrx_word' id='word_1_60' title='bbox 481 1017 739 1084; x_wconf 84' lang='lat' dir='ltr'><strong>Sequitur</strong></span> <span class='ocrx_word' id='word_1_61' title='bbox 787 1028 946 1067; x_wconf 92' lang='lat' dir='ltr'><strong>tenor</strong></span> <span class='ocrx_word' id='word_1_62' title='bbox 996 1014 1267 1067; x_wconf 90' lang='lat' dir='ltr'><strong>sententie</strong></span> <span class='ocrx_word' id='word_1_63' title='bbox 1321 1026 1511 1065; x_wconf 91' lang='lat' dir='ltr'><strong>contra</strong></span> <span class='ocrx_word' id='word_1_64' title='bbox 1564 1013 1772 1064; x_wconf 91' lang='lat' dir='ltr'><strong>dictam</strong></span> <span class='ocrx_word' id='word_1_65' title='bbox 1823 1015 2133 1080; x_wconf 90' lang='lat' dir='ltr'><strong>Blanquam</strong></span> <span class='ocrx_word' id='word_1_66' title='bbox 2183 1024 2238 1063; x_wconf 92' lang='lat' dir='ltr'><strong>et</strong></span> <span class='ocrx_word' id='word_1_67' title='bbox 2289 1032 2413 1066; x_wconf 90' lang='lat' dir='ltr'><strong>suas</strong></span> 
     </span>
     <span class='ocr_line' id='line_1_11' title="bbox 409 1098 1952 1166; baseline -0.004 -12"><span class='ocrx_word' id='word_1_68' title='bbox 409 1101 687 1154; x_wconf 91' lang='lat' dir='ltr'><strong>consocias</strong></span> <span class='ocrx_word' id='word_1_69' title='bbox 731 1100 844 1152; x_wconf 91' lang='lat' dir='ltr'><strong>sive</strong></span> <span class='ocrx_word' id='word_1_70' title='bbox 889 1099 1178 1166; x_wconf 84' lang='lat' dir='ltr'><strong>complices</strong></span> <span class='ocrx_word' id='word_1_71' title='bbox 1221 1101 1336 1150; x_wconf 91' lang='lat' dir='ltr'><strong>lata</strong></span> <span class='ocrx_word' id='word_1_72' title='bbox 1379 1098 1435 1149; x_wconf 93' lang='lat' dir='ltr'><strong>in</strong></span> <span class='ocrx_word' id='word_1_73' title='bbox 1490 1100 1637 1148; x_wconf 90' lang='lat' dir='ltr'><strong>hunc</strong></span> <span class='ocrx_word' id='word_1_74' title='bbox 1694 1099 1952 1149; x_wconf 86' lang='lat' dir='ltr'><strong>modum:</strong></span> 
     </span>
    </p>

    <p class='ocr_par' dir='ltr' id='par_1_5' title="bbox 402 1182 2418 1756">
     <span class='ocr_line' id='line_1_12' title="bbox 487 1182 2414 1249; baseline -0.002 -12"><span class='ocrx_word' id='word_1_75' title='bbox 487 1188 548 1237; x_wconf 94' lang='lat' dir='ltr'><strong>In</strong></span> <span class='ocrx_word' id='word_1_76' title='bbox 579 1184 779 1236; x_wconf 90' lang='lat' dir='ltr'><strong>Christi</strong></span> <span class='ocrx_word' id='word_1_77' title='bbox 806 1184 1046 1235; x_wconf 88' lang='lat' dir='ltr'><strong>nomine.</strong></span> <span class='ocrx_word' id='word_1_78' title='bbox 1081 1184 1271 1234; x_wconf 91' lang='lat' dir='ltr'><strong>Amen.</strong></span> <span class='ocrx_word' id='word_1_79' title='bbox 1306 1183 1441 1232; x_wconf 92' lang='lat' dir='ltr'><strong>Cum</strong></span> <span class='ocrx_word' id='word_1_80' title='bbox 1471 1192 1687 1232; x_wconf 90' lang='lat' dir='ltr'><strong>constet</strong></span> <span class='ocrx_word' id='word_1_81' title='bbox 1715 1183 1871 1234; x_wconf 88' lang='lat' dir='ltr'><strong>nobis</strong></span> <span class='ocrx_word' id='word_1_82' title='bbox 1893 1183 2191 1249; x_wconf 84' lang='lat' dir='ltr'><strong>StephanO,</strong></span> <span class='ocrx_word' id='word_1_83' title='bbox 2212 1182 2414 1234; x_wconf 89' lang='lat' dir='ltr'><strong>archie-</strong></span> 
     </span>
     <span class='ocr_line' id='line_1_13' title="bbox 402 1266 2416 1339; baseline -0.001 -18"><span class='ocrx_word' id='word_1_84' title='bbox 402 1272 624 1339; x_wconf 91' lang='lat' dir='ltr'><strong>piscopo</strong></span> <span class='ocrx_word' id='word_1_85' title='bbox 652 1280 708 1319; x_wconf 91' lang='lat' dir='ltr'><strong>et</strong></span> <span class='ocrx_word' id='word_1_86' title='bbox 737 1268 1054 1330; x_wconf 88' lang='lat' dir='ltr'><strong>camerario,</strong></span> <span class='ocrx_word' id='word_1_87' title='bbox 1078 1266 1399 1334; x_wconf 83' lang='lat' dir='ltr'><strong>Reginaldo,</strong></span> <span class='ocrx_word' id='word_1_88' title='bbox 1429 1267 1682 1333; x_wconf 90' lang='lat' dir='ltr'><strong>episcopo</strong></span> <span class='ocrx_word' id='word_1_89' title='bbox 1711 1277 1766 1315; x_wconf 93' lang='lat' dir='ltr'><strong>et</strong></span> <span class='ocrx_word' id='word_1_90' title='bbox 1794 1266 2155 1327; x_wconf 91' lang='lat' dir='ltr'><strong>thesaurario,</strong></span> <span class='ocrx_word' id='word_1_91' title='bbox 2173 1286 2236 1317; x_wconf 92' lang='lat' dir='ltr'><strong>ac</strong></span> <span class='ocrx_word' id='word_1_92' title='bbox 2255 1267 2416 1318; x_wconf 87' lang='lat' dir='ltr'><strong>Petro</strong></span> 
     </span>
     <span class='ocr_line' id='line_1_14' title="bbox 407 1351 2415 1421; baseline -0.002 -15"><span class='ocrx_word' id='word_1_93' title='bbox 407 1353 721 1421; x_wconf 90' lang='lat' dir='ltr'><strong>inquisitori</strong></span> <span class='ocrx_word' id='word_1_94' title='bbox 765 1352 992 1419; x_wconf 89' lang='lat' dir='ltr'><strong>prefatis</strong></span> <span class='ocrx_word' id='word_1_95' title='bbox 1039 1369 1135 1418; x_wconf 92' lang='lat' dir='ltr'><strong>per</strong></span> <span class='ocrx_word' id='word_1_96' title='bbox 1179 1352 1560 1418; x_wconf 85' lang='lat' dir='ltr'><strong>inquisitiones</strong></span> <span class='ocrx_word' id='word_1_97' title='bbox 1607 1361 1797 1402; x_wconf 90' lang='lat' dir='ltr'><strong>contra</strong></span> <span class='ocrx_word' id='word_1_98' title='bbox 1844 1361 1896 1400; x_wconf 91' lang='lat' dir='ltr'><strong>te</strong></span> <span class='ocrx_word' id='word_1_99' title='bbox 1943 1351 2254 1417; x_wconf 90' lang='lat' dir='ltr'><strong>Blanquam</strong></span> <span class='ocrx_word' id='word_1_100' title='bbox 2299 1370 2415 1417; x_wconf 92' lang='lat' dir='ltr'><strong>pre-</strong></span> 
     </span>
     <span class='ocr_line' id='line_1_15' title="bbox 409 1435 2415 1501; baseline -0.002 -11"><span class='ocrx_word' id='word_1_101' title='bbox 409 1439 620 1490; x_wconf 86' lang='lat' dir='ltr'><strong>dictam</strong></span> <span class='ocrx_word' id='word_1_102' title='bbox 648 1448 704 1488; x_wconf 91' lang='lat' dir='ltr'><strong>et</strong></span> <span class='ocrx_word' id='word_1_103' title='bbox 734 1447 859 1488; x_wconf 88' lang='lat' dir='ltr'><strong>tuas</strong></span> <span class='ocrx_word' id='word_1_104' title='bbox 891 1436 1169 1487; x_wconf 87' lang='lat' dir='ltr'><strong>consocias</strong></span> <span class='ocrx_word' id='word_1_105' title='bbox 1202 1436 1419 1487; x_wconf 87' lang='lat' dir='ltr'><strong>habitas</strong></span> <span class='ocrx_word' id='word_1_106' title='bbox 1450 1446 1506 1485; x_wconf 93' lang='lat' dir='ltr'><strong>et</strong></span> <span class='ocrx_word' id='word_1_107' title='bbox 1536 1437 1712 1486; x_wconf 85' lang='lat' dir='ltr'><strong>factas</strong></span> <span class='ocrx_word' id='word_1_108' title='bbox 1743 1445 1799 1484; x_wconf 93' lang='lat' dir='ltr'><strong>et</strong></span> <span class='ocrx_word' id='word_1_109' title='bbox 1828 1437 2056 1486; x_wconf 88' lang='lat' dir='ltr'><strong>tandem</strong></span> <span class='ocrx_word' id='word_1_110' title='bbox 2086 1453 2181 1501; x_wconf 92' lang='lat' dir='ltr'><strong>per</strong></span> <span class='ocrx_word' id='word_1_111' title='bbox 2211 1435 2415 1486; x_wconf 83' lang='lat' dir='ltr'><strong>confes-</strong></span> 
     </span>
     <span class='ocr_line' id='line_1_16' title="bbox 408 1518 2416 1586; baseline -0.002 -12"><span class='ocrx_word' id='word_1_112' title='bbox 408 1523 587 1574; x_wconf 91' lang='lat' dir='ltr'><strong>siones</strong></span> <span class='ocrx_word' id='word_1_113' title='bbox 618 1532 831 1572; x_wconf 87' lang='lat' dir='ltr'><strong>vestras</strong></span> <span class='ocrx_word' id='word_1_114' title='bbox 863 1521 918 1571; x_wconf 93' lang='lat' dir='ltr'><strong>in</strong></span> <span class='ocrx_word' id='word_1_115' title='bbox 939 1521 1136 1586; x_wconf 90' lang='lat' dir='ltr'><strong>quibus</strong></span> <span class='ocrx_word' id='word_1_116' title='bbox 1170 1521 1318 1586; x_wconf 92' lang='lat' dir='ltr'><strong>apud</strong></span> <span class='ocrx_word' id='word_1_117' title='bbox 1353 1529 1476 1573; x_wconf 82' lang='lat' dir='ltr'><strong>acta</strong></span> <span class='ocrx_word' id='word_1_118' title='bbox 1512 1530 1830 1571; x_wconf 87' lang='lat' dir='ltr'><strong>constanter</strong></span> <span class='ocrx_word' id='word_1_119' title='bbox 1862 1518 2250 1584; x_wconf 86' lang='lat' dir='ltr'><strong>perseverastis</strong></span> <span class='ocrx_word' id='word_1_120' title='bbox 2272 1519 2416 1584; x_wconf 89' lang='lat' dir='ltr'><strong>quod</strong></span> 
     </span>
     <span class='ocr_line' id='line_1_17' title="bbox 409 1597 2418 1672; baseline -0.003 -14"><span class='ocrx_word' id='word_1_121' title='bbox 409 1608 465 1658; x_wconf 92' lang='lat' dir='ltr'><strong>in</strong></span> <span class='ocrx_word' id='word_1_122' title='bbox 504 1605 762 1672; x_wconf 86' lang='lat' dir='ltr'><strong>predictis</strong></span> <span class='ocrx_word' id='word_1_123' title='bbox 801 1604 1074 1655; x_wconf 86' lang='lat' dir='ltr'><strong>erroribus</strong></span> <span class='ocrx_word' id='word_1_124' title='bbox 1115 1615 1170 1653; x_wconf 93' lang='lat' dir='ltr'><strong>et</strong></span> <span class='ocrx_word' id='word_1_125' title='bbox 1209 1597 1486 1654; x_wconf 75' lang='lat' dir='ltr'><strong>heresibus</strong></span> <span class='ocrx_word' id='word_1_126' title='bbox 1527 1603 1774 1669; x_wconf 86' lang='lat' dir='ltr'><strong>superius</strong></span> <span class='ocrx_word' id='word_1_127' title='bbox 1815 1603 2144 1668; x_wconf 82' lang='lat' dir='ltr'><strong>expressatis</strong></span> <span class='ocrx_word' id='word_1_128' title='bbox 2181 1603 2418 1669; x_wconf 82' lang='lat' dir='ltr'><strong>graviter</strong></span> 
     </span>
     <span class='ocr_line' id='line_1_18' title="bbox 409 1687 2418 1756; baseline -0.002 -14"><span class='ocrx_word' id='word_1_129' title='bbox 409 1704 465 1742; x_wconf 91' lang='lat' dir='ltr'><strong>et</strong></span> <span class='ocrx_word' id='word_1_130' title='bbox 499 1690 754 1756; x_wconf 91' lang='lat' dir='ltr'><strong>nequiter</strong></span> <span class='ocrx_word' id='word_1_131' title='bbox 789 1688 1115 1754; x_wconf 87' lang='lat' dir='ltr'><strong>deliquistis,</strong></span> <span class='ocrx_word' id='word_1_132' title='bbox 1153 1688 1296 1739; x_wconf 89' lang='lat' dir='ltr'><strong>sicut</strong></span> <span class='ocrx_word' id='word_1_133' title='bbox 1330 1688 1385 1738; x_wconf 94' lang='lat' dir='ltr'><strong>in</strong></span> <span class='ocrx_word' id='word_1_134' title='bbox 1420 1687 1615 1738; x_wconf 88' lang='lat' dir='ltr'><strong>vestris</strong></span> <span class='ocrx_word' id='word_1_135' title='bbox 1667 1687 1828 1737; x_wconf 89' lang='lat' dir='ltr'><strong>dictis</strong></span> <span class='ocrx_word' id='word_1_136' title='bbox 1876 1699 1933 1738; x_wconf 90' lang='lat' dir='ltr'><strong>et</strong></span> <span class='ocrx_word' id='word_1_137' title='bbox 1981 1687 2418 1754; x_wconf 89' lang='lat' dir='ltr'><strong>depositionibus</strong></span> 
     </span>
    </p>
   </div>
   <div class='ocr_carea' id='block_1_4' title="bbox 410 1771 2417 1840">
    <p class='ocr_par' dir='ltr' id='par_1_6' title="bbox 410 1771 2515 1840">
     <span class='ocr_line' id='line_1_19' title="bbox 410 1771 2417 1840; baseline -0.002 -14"><span class='ocrx_word' id='word_1_138' title='bbox 410 1775 662 1827; x_wconf 88' lang='lat' dir='ltr'><strong>seriosius</strong></span> <span class='ocrx_word' id='word_1_139' title='bbox 693 1785 776 1825; x_wconf 92' lang='lat' dir='ltr'><strong>est</strong></span> <span class='ocrx_word' id='word_1_140' title='bbox 804 1792 1142 1840; x_wconf 91' lang='lat' dir='ltr'><strong>expressum,</strong></span> <span class='ocrx_word' id='word_1_141' title='bbox 1173 1791 1240 1822; x_wconf 89' lang='lat' dir='ltr'><strong>ex</strong></span> <span class='ocrx_word' id='word_1_142' title='bbox 1268 1773 1464 1839; x_wconf 91' lang='lat' dir='ltr'><strong>quibus</strong></span> <span class='ocrx_word' id='word_1_143' title='bbox 1496 1771 1690 1822; x_wconf 89' lang='lat' dir='ltr'><strong>merito</strong></span> <span class='ocrx_word' id='word_1_144' title='bbox 1720 1783 1904 1838; x_wconf 89' lang='lat' dir='ltr'><strong>posset</strong></span> <span class='ocrx_word' id='word_1_145' title='bbox 1933 1772 2036 1823; x_wconf 88' lang='lat' dir='ltr'><strong>dici</strong></span> <span class='ocrx_word' id='word_1_146' title='bbox 2059 1773 2204 1838; x_wconf 90' lang='lat' dir='ltr'><strong>quod</strong></span> <span class='ocrx_word' id='word_1_147' title='bbox 2224 1771 2417 1822; x_wconf 88' lang='lat' dir='ltr'><strong>vestris</strong></span> 
     </span>
    </p>
   </div>
   <div class='ocr_carea' id='block_1_5' title="bbox 410 1856 2431 3781">
    <p class='ocr_par' dir='ltr' id='par_1_7' title="bbox 410 1856 2431 3781">
     <span class='ocr_line' id='line_1_20' title="bbox 413 1856 2416 1922; baseline -0.001 -12"><span class='ocrx_word' id='word_1_148' title='bbox 413 1858 767 1912; x_wconf 89' lang='lat' dir='ltr'><strong>consideratis</strong></span> <span class='ocrx_word' id='word_1_149' title='bbox 807 1859 1115 1909; x_wconf 88' lang='lat' dir='ltr'><strong>excessibus</strong></span> <span class='ocrx_word' id='word_1_150' title='bbox 1153 1869 1209 1908; x_wconf 91' lang='lat' dir='ltr'><strong>et</strong></span> <span class='ocrx_word' id='word_1_151' title='bbox 1246 1857 1457 1908; x_wconf 89' lang='lat' dir='ltr'><strong>delictis</strong></span> <span class='ocrx_word' id='word_1_152' title='bbox 1498 1858 1655 1922; x_wconf 91' lang='lat' dir='ltr'><strong>culpa</strong></span> <span class='ocrx_word' id='word_1_153' title='bbox 1695 1864 1776 1908; x_wconf 90' lang='lat' dir='ltr'><strong>est</strong></span> <span class='ocrx_word' id='word_1_154' title='bbox 1811 1857 2056 1907; x_wconf 89' lang='lat' dir='ltr'><strong>relaxare</strong></span> <span class='ocrx_word' id='word_1_155' title='bbox 2094 1856 2416 1907; x_wconf 89' lang='lat' dir='ltr'><strong>vindictam.</strong></span> 
     </span>
     <span class='ocr_line' id='line_1_21' title="bbox 415 1942 2419 2009; baseline -0.001 -13"><span class='ocrx_word' id='word_1_156' title='bbox 415 1947 553 2009; x_wconf 87' lang='lat' dir='ltr'><strong>Quia</strong></span> <span class='ocrx_word' id='word_1_157' title='bbox 585 1956 790 2005; x_wconf 90' lang='lat' dir='ltr'><strong>tamen,</strong></span> <span class='ocrx_word' id='word_1_158' title='bbox 826 1954 887 1993; x_wconf 90' lang='lat' dir='ltr'><strong>ut</strong></span> <span class='ocrx_word' id='word_1_159' title='bbox 921 1943 1154 2004; x_wconf 84' lang='lat' dir='ltr'><strong>dixistis,</strong></span> <span class='ocrx_word' id='word_1_160' title='bbox 1188 1961 1324 2008; x_wconf 91' lang='lat' dir='ltr'><strong>puro</strong></span> <span class='ocrx_word' id='word_1_161' title='bbox 1359 1943 1518 1993; x_wconf 89' lang='lat' dir='ltr'><strong>corde</strong></span> <span class='ocrx_word' id='word_1_162' title='bbox 1550 1953 1605 1992; x_wconf 88' lang='lat' dir='ltr'><strong>et</strong></span> <span class='ocrx_word' id='word_1_163' title='bbox 1642 1943 1748 1992; x_wconf 90' lang='lat' dir='ltr'><strong>fide</strong></span> <span class='ocrx_word' id='word_1_164' title='bbox 1778 1960 1888 1993; x_wconf 91' lang='lat' dir='ltr'><strong>non</strong></span> <span class='ocrx_word' id='word_1_165' title='bbox 1910 1942 2038 1992; x_wconf 91' lang='lat' dir='ltr'><strong>ficta</strong></span> <span class='ocrx_word' id='word_1_166' title='bbox 2060 1942 2226 1993; x_wconf 89' lang='lat' dir='ltr'><strong>vultis</strong></span> <span class='ocrx_word' id='word_1_167' title='bbox 2245 1942 2419 1993; x_wconf 89' lang='lat' dir='ltr'><strong>redire</strong></span> 
     </span>
     <span class='ocr_line' id='line_1_22' title="bbox 410 2026 2418 2093; baseline -0.002 -12"><span class='ocrx_word' id='word_1_168' title='bbox 410 2031 479 2081; x_wconf 90' lang='lat' dir='ltr'><strong>ad</strong></span> <span class='ocrx_word' id='word_1_169' title='bbox 522 2038 774 2081; x_wconf 81' lang='lat' dir='ltr'><strong>sanctam</strong></span> <span class='ocrx_word' id='word_1_170' title='bbox 816 2038 1051 2079; x_wconf 90' lang='lat' dir='ltr'><strong>matrem</strong></span> <span class='ocrx_word' id='word_1_171' title='bbox 1096 2027 1394 2077; x_wconf 89' lang='lat' dir='ltr'><strong>Ecclesiam</strong></span> <span class='ocrx_word' id='word_1_172' title='bbox 1437 2046 1541 2092; x_wconf 90' lang='lat' dir='ltr'><strong>que</strong></span> <span class='ocrx_word' id='word_1_173' title='bbox 1582 2027 1717 2077; x_wconf 90' lang='lat' dir='ltr'><strong>nulli</strong></span> <span class='ocrx_word' id='word_1_174' title='bbox 1761 2026 1965 2077; x_wconf 85' lang='lat' dir='ltr'><strong>claudit</strong></span> <span class='ocrx_word' id='word_1_175' title='bbox 2021 2027 2287 2093; x_wconf 84' lang='lat' dir='ltr'><strong>gremium</strong></span> <span class='ocrx_word' id='word_1_176' title='bbox 2340 2045 2418 2077; x_wconf 92' lang='lat' dir='ltr'><strong>re-</strong></span> 
     </span>
     <span class='ocr_line' id='line_1_23' title="bbox 412 2111 2420 2178; baseline -0.001 -12"><span class='ocrx_word' id='word_1_177' title='bbox 412 2114 604 2166; x_wconf 90' lang='lat' dir='ltr'><strong>deunti</strong></span> <span class='ocrx_word' id='word_1_178' title='bbox 659 2117 728 2167; x_wconf 93' lang='lat' dir='ltr'><strong>ad</strong></span> <span class='ocrx_word' id='word_1_179' title='bbox 787 2113 1143 2164; x_wconf 87' lang='lat' dir='ltr'><strong>immaculate</strong></span> <span class='ocrx_word' id='word_1_180' title='bbox 1205 2112 1333 2163; x_wconf 91' lang='lat' dir='ltr'><strong>fidei</strong></span> <span class='ocrx_word' id='word_1_181' title='bbox 1359 2112 1662 2178; x_wconf 90' lang='lat' dir='ltr'><strong>puritatem</strong></span> <span class='ocrx_word' id='word_1_182' title='bbox 1705 2111 2091 2178; x_wconf 88' lang='lat' dir='ltr'><strong>predictosque</strong></span> <span class='ocrx_word' id='word_1_183' title='bbox 2129 2111 2420 2163; x_wconf 89' lang='lat' dir='ltr'><strong>abiurastis</strong></span> 
     </span>
     <span class='ocr_line' id='line_1_24' title="bbox 413 2192 2420 2262; baseline -0.002 -12"><span class='ocrx_word' id='word_1_184' title='bbox 413 2218 617 2251; x_wconf 91' lang='lat' dir='ltr'><strong>errores</strong></span> <span class='ocrx_word' id='word_1_185' title='bbox 651 2209 707 2250; x_wconf 88' lang='lat' dir='ltr'><strong>et</strong></span> <span class='ocrx_word' id='word_1_186' title='bbox 741 2200 952 2250; x_wconf 90' lang='lat' dir='ltr'><strong>hereses</strong></span> <span class='ocrx_word' id='word_1_187' title='bbox 988 2207 1042 2246; x_wconf 87' lang='lat' dir='ltr'><strong>et</strong></span> <span class='ocrx_word' id='word_1_188' title='bbox 1078 2215 1296 2247; x_wconf 91' lang='lat' dir='ltr'><strong>omnem</strong></span> <span class='ocrx_word' id='word_1_189' title='bbox 1330 2197 1495 2246; x_wconf 89' lang='lat' dir='ltr'><strong>aliam</strong></span> <span class='ocrx_word' id='word_1_190' title='bbox 1530 2196 1829 2246; x_wconf 74' lang='lat' dir='ltr'><strong>hereticam</strong></span> <span class='ocrx_word' id='word_1_191' title='bbox 1863 2192 2202 2262; x_wconf 81' lang='lat' dir='ltr'><strong>pravitatem</strong></span> <span class='ocrx_word' id='word_1_192' title='bbox 2236 2207 2290 2246; x_wconf 92' lang='lat' dir='ltr'><strong>et</strong></span> <span class='ocrx_word' id='word_1_193' title='bbox 2325 2197 2420 2246; x_wconf 91' lang='lat' dir='ltr'><strong>hu-</strong></span> 
     </span>
     <span class='ocr_line' id='line_1_25' title="bbox 415 2280 2419 2347; baseline -0.002 -12"><span class='ocrx_word' id='word_1_194' title='bbox 415 2285 616 2335; x_wconf 90' lang='lat' dir='ltr'><strong>militer</strong></span> <span class='ocrx_word' id='word_1_195' title='bbox 655 2281 1016 2334; x_wconf 90' lang='lat' dir='ltr'><strong>absolutionis</strong></span> <span class='ocrx_word' id='word_1_196' title='bbox 1059 2280 1390 2332; x_wconf 89' lang='lat' dir='ltr'><strong>beneficium</strong></span> <span class='ocrx_word' id='word_1_197' title='bbox 1430 2280 2228 2347; x_wconf 87' lang='lat' dir='ltr'><strong>postulastis,promisistisque</strong></span> <span class='ocrx_word' id='word_1_198' title='bbox 2270 2291 2324 2330; x_wconf 90' lang='lat' dir='ltr'><strong>et</strong></span> <span class='ocrx_word' id='word_1_199' title='bbox 2342 2280 2419 2330; x_wconf 92' lang='lat' dir='ltr'><strong>iu-</strong></span> 
     </span>
     <span class='ocr_line' id='line_1_26' title="bbox 412 2366 2420 2433; baseline -0.003 -12"><span class='ocrx_word' id='word_1_200' title='bbox 412 2369 574 2421; x_wconf 83' lang='lat' dir='ltr'><strong>rastis</strong></span> <span class='ocrx_word' id='word_1_201' title='bbox 618 2368 774 2420; x_wconf 90' lang='lat' dir='ltr'><strong>nobis</strong></span> <span class='ocrx_word' id='word_1_202' title='bbox 818 2384 1032 2433; x_wconf 89' lang='lat' dir='ltr'><strong>semper</strong></span> <span class='ocrx_word' id='word_1_203' title='bbox 1074 2385 1309 2427; x_wconf 88' lang='lat' dir='ltr'><strong>servare,</strong></span> <span class='ocrx_word' id='word_1_204' title='bbox 1353 2377 1538 2416; x_wconf 89' lang='lat' dir='ltr'><strong>tenere</strong></span> <span class='ocrx_word' id='word_1_205' title='bbox 1583 2377 1638 2415; x_wconf 92' lang='lat' dir='ltr'><strong>et</strong></span> <span class='ocrx_word' id='word_1_206' title='bbox 1682 2367 1895 2415; x_wconf 91' lang='lat' dir='ltr'><strong>credere</strong></span> <span class='ocrx_word' id='word_1_207' title='bbox 1944 2366 2107 2414; x_wconf 87' lang='lat' dir='ltr'><strong>fidem</strong></span> <span class='ocrx_word' id='word_1_208' title='bbox 2151 2374 2420 2428; x_wconf 86' lang='lat' dir='ltr'><strong>sanctam,</strong></span> 
     </span>
     <span class='ocr_line' id='line_1_27' title="bbox 416 2447 2420 2518; baseline -0.003 -13"><span class='ocrx_word' id='word_1_209' title='bbox 416 2453 763 2515; x_wconf 80' lang='lat' dir='ltr'><strong>catholicam,</strong></span> <span class='ocrx_word' id='word_1_210' title='bbox 821 2451 972 2502; x_wconf 90' lang='lat' dir='ltr'><strong>cuius</strong></span> <span class='ocrx_word' id='word_1_211' title='bbox 1027 2463 1195 2518; x_wconf 91' lang='lat' dir='ltr'><strong>caput</strong></span> <span class='ocrx_word' id='word_1_212' title='bbox 1248 2463 1331 2501; x_wconf 90' lang='lat' dir='ltr'><strong>est</strong></span> <span class='ocrx_word' id='word_1_213' title='bbox 1383 2449 1637 2501; x_wconf 90' lang='lat' dir='ltr'><strong>dominus</strong></span> <span class='ocrx_word' id='word_1_214' title='bbox 1693 2461 1878 2500; x_wconf 90' lang='lat' dir='ltr'><strong>noster</strong></span> <span class='ocrx_word' id='word_1_215' title='bbox 1932 2468 2073 2516; x_wconf 89' lang='lat' dir='ltr'><strong>papa</strong></span> <span class='ocrx_word' id='word_1_216' title='bbox 2131 2447 2420 2501; x_wconf 86' lang='lat' dir='ltr'><strong>modernus</strong></span> 
     </span>
     <span class='ocr_line' id='line_1_28' title="bbox 415 2530 2421 2606; baseline -0.002 -16"><span class='ocrx_word' id='word_1_217' title='bbox 415 2537 665 2606; x_wconf 88' lang='lat' dir='ltr'><strong>superius</strong></span> <span class='ocrx_word' id='word_1_218' title='bbox 707 2535 1046 2597; x_wconf 88' lang='lat' dir='ltr'><strong>nominatus,</strong></span> <span class='ocrx_word' id='word_1_219' title='bbox 1091 2546 1145 2585; x_wconf 89' lang='lat' dir='ltr'><strong>et</strong></span> <span class='ocrx_word' id='word_1_220' title='bbox 1191 2552 1406 2584; x_wconf 89' lang='lat' dir='ltr'><strong>omnem</strong></span> <span class='ocrx_word' id='word_1_221' title='bbox 1451 2530 1817 2601; x_wconf 83' lang='lat' dir='ltr'><strong>penitentiam</strong></span> <span class='ocrx_word' id='word_1_222' title='bbox 1862 2553 2028 2599; x_wconf 88' lang='lat' dir='ltr'><strong>quam</strong></span> <span class='ocrx_word' id='word_1_223' title='bbox 2072 2533 2421 2585; x_wconf 86' lang='lat' dir='ltr'><strong>vobisiniun-</strong></span> 
     </span>
     <span class='ocr_line' id='line_1_29' title="bbox 417 2618 2423 2689; baseline -0.004 -13"><span class='ocrx_word' id='word_1_224' title='bbox 417 2624 651 2689; x_wconf 82' lang='lat' dir='ltr'><strong>gendam</strong></span> <span class='ocrx_word' id='word_1_225' title='bbox 693 2622 1009 2673; x_wconf 89' lang='lat' dir='ltr'><strong>duxerimus</strong></span> <span class='ocrx_word' id='word_1_226' title='bbox 1055 2639 1148 2672; x_wconf 74' lang='lat' dir='ltr'><strong>vos</strong></span> <span class='ocrx_word' id='word_1_227' title='bbox 1190 2637 1406 2671; x_wconf 85' lang='lat' dir='ltr'><strong>servare</strong></span> <span class='ocrx_word' id='word_1_228' title='bbox 1447 2631 1503 2677; x_wconf 84' lang='lat' dir='ltr'><strong>et</strong></span> <span class='ocrx_word' id='word_1_229' title='bbox 1545 2620 1813 2685; x_wconf 88' lang='lat' dir='ltr'><strong>complere</strong></span> <span class='ocrx_word' id='word_1_230' title='bbox 1856 2618 2064 2683; x_wconf 82' lang='lat' dir='ltr'><strong>integre</strong></span> <span class='ocrx_word' id='word_1_231' title='bbox 2107 2631 2160 2668; x_wconf 92' lang='lat' dir='ltr'><strong>et</strong></span> <span class='ocrx_word' id='word_1_232' title='bbox 2197 2619 2423 2668; x_wconf 86' lang='lat' dir='ltr'><strong>firmiter</strong></span> 
     </span>
     <span class='ocr_line' id='line_1_30' title="bbox 417 2703 2421 2774; baseline -0.003 -16"><span class='ocrx_word' id='word_1_233' title='bbox 417 2706 700 2774; x_wconf 86' lang='lat' dir='ltr'><strong>obligastis</strong></span> <span class='ocrx_word' id='word_1_234' title='bbox 748 2717 802 2755; x_wconf 91' lang='lat' dir='ltr'><strong>et</strong></span> <span class='ocrx_word' id='word_1_235' title='bbox 850 2707 1117 2756; x_wconf 85' lang='lat' dir='ltr'><strong>mandata</strong></span> <span class='ocrx_word' id='word_1_236' title='bbox 1163 2715 1353 2756; x_wconf 88' lang='lat' dir='ltr'><strong>nostra</strong></span> <span class='ocrx_word' id='word_1_237' title='bbox 1401 2703 1698 2769; x_wconf 89' lang='lat' dir='ltr'><strong>adimplere</strong></span> <span class='ocrx_word' id='word_1_238' title='bbox 1747 2703 1967 2753; x_wconf 90' lang='lat' dir='ltr'><strong>iurastis</strong></span> <span class='ocrx_word' id='word_1_239' title='bbox 2014 2714 2069 2752; x_wconf 90' lang='lat' dir='ltr'><strong>et</strong></span> <span class='ocrx_word' id='word_1_240' title='bbox 2118 2703 2421 2754; x_wconf 88' lang='lat' dir='ltr'><strong>asseruistis</strong></span> 
     </span>
     <span class='ocr_line' id='line_1_31' title="bbox 418 2786 2421 2855; baseline -0.003 -12"><span class='ocrx_word' id='word_1_241' title='bbox 418 2810 514 2843; x_wconf 88' lang='lat' dir='ltr'><strong>vos</strong></span> <span class='ocrx_word' id='word_1_242' title='bbox 547 2793 611 2840; x_wconf 94' lang='lat' dir='ltr'><strong>de</strong></span> <span class='ocrx_word' id='word_1_243' title='bbox 645 2790 717 2840; x_wconf 89' lang='lat' dir='ltr'><strong>cis</strong></span> <span class='ocrx_word' id='word_1_244' title='bbox 752 2791 817 2840; x_wconf 93' lang='lat' dir='ltr'><strong>de</strong></span> <span class='ocrx_word' id='word_1_245' title='bbox 853 2789 1049 2855; x_wconf 86' lang='lat' dir='ltr'><strong>quibus</strong></span> <span class='ocrx_word' id='word_1_246' title='bbox 1083 2788 1271 2839; x_wconf 89' lang='lat' dir='ltr'><strong>essetis</strong></span> <span class='ocrx_word' id='word_1_247' title='bbox 1305 2788 1641 2853; x_wconf 83' lang='lat' dir='ltr'><strong>interrogate</strong></span> <span class='ocrx_word' id='word_1_248' title='bbox 1674 2787 1850 2838; x_wconf 90' lang='lat' dir='ltr'><strong>dicere</strong></span> <span class='ocrx_word' id='word_1_249' title='bbox 1884 2786 2421 2849; x_wconf 81' lang='lat' dir='ltr'><strong>veritatem3idcirco</strong></span> 
     </span>
     <span class='ocr_line' id='line_1_32' title="bbox 419 2872 2422 2942; baseline -0.004 -14"><span class='ocrx_word' id='word_1_250' title='bbox 419 2887 641 2942; x_wconf 87' lang='lat' dir='ltr'><strong>agentes</strong></span> <span class='ocrx_word' id='word_1_251' title='bbox 703 2874 988 2925; x_wconf 84' lang='lat' dir='ltr'><strong>vobiscum</strong></span> <span class='ocrx_word' id='word_1_252' title='bbox 1051 2872 1472 2923; x_wconf 88' lang='lat' dir='ltr'><strong>misericorditer</strong></span> <span class='ocrx_word' id='word_1_253' title='bbox 1531 2883 1586 2922; x_wconf 93' lang='lat' dir='ltr'><strong>et</strong></span> <span class='ocrx_word' id='word_1_254' title='bbox 1648 2872 1896 2936; x_wconf 86' lang='lat' dir='ltr'><strong>benigne,</strong></span> <span class='ocrx_word' id='word_1_255' title='bbox 1960 2872 2147 2937; x_wconf 89' lang='lat' dir='ltr'><strong>culpas</strong></span> <span class='ocrx_word' id='word_1_256' title='bbox 2210 2889 2422 2937; x_wconf 90' lang='lat' dir='ltr'><strong>quoque</strong></span> 
     </span>
     <span class='ocr_line' id='line_1_33' title="bbox 419 2954 2423 3023; baseline -0.003 -13"><span class='ocrx_word' id='word_1_257' title='bbox 419 2970 630 3010; x_wconf 87' lang='lat' dir='ltr'><strong>vestras</strong></span> <span class='ocrx_word' id='word_1_258' title='bbox 671 2961 974 3009; x_wconf 90' lang='lat' dir='ltr'><strong>secundum</strong></span> <span class='ocrx_word' id='word_1_259' title='bbox 1016 2957 1184 3023; x_wconf 85' lang='lat' dir='ltr'><strong>magis</strong></span> <span class='ocrx_word' id='word_1_260' title='bbox 1226 2968 1282 3006; x_wconf 91' lang='lat' dir='ltr'><strong>et</strong></span> <span class='ocrx_word' id='word_1_261' title='bbox 1321 2956 1517 3019; x_wconf 90' lang='lat' dir='ltr'><strong>minus,</strong></span> <span class='ocrx_word' id='word_1_262' title='bbox 1560 2975 1697 3022; x_wconf 91' lang='lat' dir='ltr'><strong>equo</strong></span> <span class='ocrx_word' id='word_1_263' title='bbox 1739 2954 2024 3005; x_wconf 86' lang='lat' dir='ltr'><strong>libramine</strong></span> <span class='ocrx_word' id='word_1_264' title='bbox 2066 2957 2423 3021; x_wconf 86' lang='lat' dir='ltr'><strong>ponderante,</strong></span> 
     </span>
     <span class='ocr_line' id='line_1_34' title="bbox 418 3039 2425 3110; baseline -0.002 -15"><span class='ocrx_word' id='word_1_265' title='bbox 418 3045 561 3110; x_wconf 85' lang='lat' dir='ltr'><strong>rigor</strong></span> <span class='ocrx_word' id='word_1_266' title='bbox 615 3056 803 3094; x_wconf 88' lang='lat' dir='ltr'><strong>tamen</strong></span> <span class='ocrx_word' id='word_1_267' title='bbox 858 3043 1081 3110; x_wconf 90' lang='lat' dir='ltr'><strong>pietatis</strong></span> <span class='ocrx_word' id='word_1_268' title='bbox 1137 3054 1192 3093; x_wconf 89' lang='lat' dir='ltr'><strong>et</strong></span> <span class='ocrx_word' id='word_1_269' title='bbox 1247 3041 1614 3093; x_wconf 87' lang='lat' dir='ltr'><strong>misericordie</strong></span> <span class='ocrx_word' id='word_1_270' title='bbox 1683 3039 1968 3090; x_wconf 89' lang='lat' dir='ltr'><strong>dulcedine</strong></span> <span class='ocrx_word' id='word_1_271' title='bbox 2037 3050 2425 3105; x_wconf 85' lang='lat' dir='ltr'><strong>temperantes,</strong></span> 
     </span>
     <span class='ocr_line' id='line_1_35' title="bbox 419 3123 2425 3197; baseline -0.003 -18"><span class='ocrx_word' id='word_1_272' title='bbox 419 3128 566 3179; x_wconf 90' lang='lat' dir='ltr'><strong>illius</strong></span> <span class='ocrx_word' id='word_1_273' title='bbox 610 3129 896 3178; x_wconf 85' lang='lat' dir='ltr'><strong>imitantes</strong></span> <span class='ocrx_word' id='word_1_274' title='bbox 929 3127 1162 3192; x_wconf 76' lang='lat' dir='ltr'><strong>vestigia</strong></span> <span class='ocrx_word' id='word_1_275' title='bbox 1200 3127 1291 3190; x_wconf 91' lang='lat' dir='ltr'><strong>qui</strong></span> <span class='ocrx_word' id='word_1_276' title='bbox 1327 3125 1580 3176; x_wconf 90' lang='lat' dir='ltr'><strong>omnibus</strong></span> <span class='ocrx_word' id='word_1_277' title='bbox 1616 3125 1904 3174; x_wconf 88' lang='lat' dir='ltr'><strong>miseretur</strong></span> <span class='ocrx_word' id='word_1_278' title='bbox 1937 3133 1992 3171; x_wconf 91' lang='lat' dir='ltr'><strong>et</strong></span> <span class='ocrx_word' id='word_1_279' title='bbox 2011 3124 2284 3197; x_wconf 86' lang='lat' dir='ltr'><strong>neminem</strong></span> <span class='ocrx_word' id='word_1_280' title='bbox 2304 3123 2425 3174; x_wconf 89' lang='lat' dir='ltr'><strong>vult</strong></span> 
     </span>
     <span class='ocr_line' id='line_1_36' title="bbox 420 3210 2425 3280; baseline -0.003 -17"><span class='ocrx_word' id='word_1_281' title='bbox 420 3213 619 3280; x_wconf 82' lang='lat' dir='ltr'><strong>pcrire3</strong></span> <span class='ocrx_word' id='word_1_282' title='bbox 665 3223 1084 3278; x_wconf 88' lang='lat' dir='ltr'><strong>compensantes</strong></span> <span class='ocrx_word' id='word_1_283' title='bbox 1129 3211 1298 3261; x_wconf 89' lang='lat' dir='ltr'><strong>etiam</strong></span> <span class='ocrx_word' id='word_1_284' title='bbox 1354 3213 1553 3261; x_wconf 89' lang='lat' dir='ltr'><strong>durum</strong></span> <span class='ocrx_word' id='word_1_285' title='bbox 1610 3220 1665 3258; x_wconf 93' lang='lat' dir='ltr'><strong>et</strong></span> <span class='ocrx_word' id='word_1_286' title='bbox 1720 3210 1945 3273; x_wconf 86' lang='lat' dir='ltr'><strong>longum</strong></span> <span class='ocrx_word' id='word_1_287' title='bbox 2004 3225 2274 3259; x_wconf 88' lang='lat' dir='ltr'><strong>carcerem</strong></span> <span class='ocrx_word' id='word_1_288' title='bbox 2320 3226 2425 3273; x_wconf 89' lang='lat' dir='ltr'><strong>quo</strong></span> 
     </span>
     <span class='ocr_line' id='line_1_37' title="bbox 424 3292 2424 3365; baseline -0.004 -16"><span class='ocrx_word' id='word_1_289' title='bbox 424 3300 491 3349; x_wconf 87' lang='lat' dir='ltr'><strong>ob</strong></span> <span class='ocrx_word' id='word_1_290' title='bbox 524 3298 785 3365; x_wconf 90' lang='lat' dir='ltr'><strong>premissa</strong></span> <span class='ocrx_word' id='word_1_291' title='bbox 818 3297 1026 3351; x_wconf 89' lang='lat' dir='ltr'><strong>intruse</strong></span> <span class='ocrx_word' id='word_1_292' title='bbox 1060 3295 1267 3346; x_wconf 89' lang='lat' dir='ltr'><strong>diutius</strong></span> <span class='ocrx_word' id='word_1_293' title='bbox 1301 3293 1582 3363; x_wconf 83' lang='lat' dir='ltr'><strong>extitistis,</strong></span> <span class='ocrx_word' id='word_1_294' title='bbox 1619 3293 1692 3342; x_wconf 90' lang='lat' dir='ltr'><strong>sic</strong></span> <span class='ocrx_word' id='word_1_295' title='bbox 1725 3294 1870 3358; x_wconf 93' lang='lat' dir='ltr'><strong>quod</strong></span> <span class='ocrx_word' id='word_1_296' title='bbox 1905 3292 2087 3358; x_wconf 92' lang='lat' dir='ltr'><strong>potius</strong></span> <span class='ocrx_word' id='word_1_297' title='bbox 2121 3293 2188 3342; x_wconf 89' lang='lat' dir='ltr'><strong>ad</strong></span> <span class='ocrx_word' id='word_1_298' title='bbox 2229 3310 2424 3358; x_wconf 89' lang='lat' dir='ltr'><strong>penam</strong></span> 
     </span>
     <span class='ocr_line' id='line_1_38' title="bbox 423 3377 2427 3449; baseline -0.003 -16"><span class='ocrx_word' id='word_1_299' title='bbox 423 3401 589 3449; x_wconf 90' lang='lat' dir='ltr'><strong>quam</strong></span> <span class='ocrx_word' id='word_1_300' title='bbox 642 3384 709 3432; x_wconf 91' lang='lat' dir='ltr'><strong>ad</strong></span> <span class='ocrx_word' id='word_1_301' title='bbox 763 3381 1074 3432; x_wconf 88' lang='lat' dir='ltr'><strong>custodiam</strong></span> <span class='ocrx_word' id='word_1_302' title='bbox 1125 3379 1439 3445; x_wconf 89' lang='lat' dir='ltr'><strong>ali-qualiter</strong></span> <span class='ocrx_word' id='word_1_303' title='bbox 1502 3387 1689 3445; x_wconf 89' lang='lat' dir='ltr'><strong>posset</strong></span> <span class='ocrx_word' id='word_1_304' title='bbox 1753 3377 1876 3438; x_wconf 90' lang='lat' dir='ltr'><strong>dici,</strong></span> <span class='ocrx_word' id='word_1_305' title='bbox 1948 3378 2056 3427; x_wconf 89' lang='lat' dir='ltr'><strong>Nos</strong></span> <span class='ocrx_word' id='word_1_306' title='bbox 2098 3377 2427 3442; x_wconf 88' lang='lat' dir='ltr'><strong>Stephanus,</strong></span> 
     </span>
     <span class='ocr_line' id='line_1_39' title="bbox 422 3460 2426 3532; baseline -0.003 -16"><span class='ocrx_word' id='word_1_307' title='bbox 422 3466 860 3532; x_wconf 87' lang='lat' dir='ltr'><strong>archiepiscopus</strong></span> <span class='ocrx_word' id='word_1_308' title='bbox 921 3478 975 3516; x_wconf 88' lang='lat' dir='ltr'><strong>et</strong></span> <span class='ocrx_word' id='word_1_309' title='bbox 1038 3464 1384 3524; x_wconf 88' lang='lat' dir='ltr'><strong>camerarius,</strong></span> <span class='ocrx_word' id='word_1_310' title='bbox 1450 3462 1800 3527; x_wconf 82' lang='lat' dir='ltr'><strong>Reginaldus,</strong></span> <span class='ocrx_word' id='word_1_311' title='bbox 1861 3460 2146 3527; x_wconf 89' lang='lat' dir='ltr'><strong>episcopus</strong></span> <span class='ocrx_word' id='word_1_312' title='bbox 2207 3471 2262 3509; x_wconf 91' lang='lat' dir='ltr'><strong>et</strong></span> <span class='ocrx_word' id='word_1_313' title='bbox 2313 3462 2426 3519; x_wconf 84' lang='lat' dir='ltr'><strong>the-</strong></span> 
     </span>
     <span class='ocr_line' id='line_1_40' title="bbox 422 3543 2427 3612; baseline -0.003 -12"><span class='ocrx_word' id='word_1_314' title='bbox 422 3550 715 3612; x_wconf 81' lang='lat' dir='ltr'><strong>saurariuS,</strong></span> <span class='ocrx_word' id='word_1_315' title='bbox 770 3561 826 3599; x_wconf 91' lang='lat' dir='ltr'><strong>et</strong></span> <span class='ocrx_word' id='word_1_316' title='bbox 878 3550 1046 3600; x_wconf 88' lang='lat' dir='ltr'><strong>frater</strong></span> <span class='ocrx_word' id='word_1_317' title='bbox 1115 3551 1305 3598; x_wconf 91' lang='lat' dir='ltr'><strong>Petrus</strong></span> <span class='ocrx_word' id='word_1_318' title='bbox 1359 3549 1424 3598; x_wconf 94' lang='lat' dir='ltr'><strong>de</strong></span> <span class='ocrx_word' id='word_1_319' title='bbox 1493 3546 1792 3607; x_wconf 90' lang='lat' dir='ltr'><strong>Montibus,</strong></span> <span class='ocrx_word' id='word_1_320' title='bbox 1859 3543 2152 3610; x_wconf 88' lang='lat' dir='ltr'><strong>inquisitor</strong></span> <span class='ocrx_word' id='word_1_321' title='bbox 2210 3543 2427 3610; x_wconf 86' lang='lat' dir='ltr'><strong>prefati,</strong></span> 
     </span>
     <span class='ocr_line' id='line_1_41' title="bbox 422 3629 2431 3699; baseline -0.004 -15"><span class='ocrx_word' id='word_1_322' title='bbox 422 3633 851 3684; x_wconf 87' lang='lat' dir='ltr'><strong>auctoritatibus</strong></span> <span class='ocrx_word' id='word_1_323' title='bbox 904 3633 1102 3699; x_wconf 89' lang='lat' dir='ltr'><strong>quibus</strong></span> <span class='ocrx_word' id='word_1_324' title='bbox 1153 3650 1317 3698; x_wconf 87' lang='lat' dir='ltr'><strong>supra</strong></span> <span class='ocrx_word' id='word_1_325' title='bbox 1370 3650 1465 3697; x_wconf 91' lang='lat' dir='ltr'><strong>pro</strong></span> <span class='ocrx_word' id='word_1_326' title='bbox 1518 3629 1784 3681; x_wconf 88' lang='lat' dir='ltr'><strong>tribunali</strong></span> <span class='ocrx_word' id='word_1_327' title='bbox 1832 3631 2085 3678; x_wconf 91' lang='lat' dir='ltr'><strong>sedentes</strong></span> <span class='ocrx_word' id='word_1_328' title='bbox 2149 3638 2204 3676; x_wconf 91' lang='lat' dir='ltr'><strong>et</strong></span> <span class='ocrx_word' id='word_1_329' title='bbox 2254 3645 2431 3679; x_wconf 88' lang='lat' dir='ltr'><strong>sacro·</strong></span> 
     </span>
     <span class='ocr_line' id='line_1_42' title="bbox 427 3712 2428 3781; baseline -0.001 -16"><span class='ocrx_word' id='word_1_330' title='bbox 427 3717 627 3769; x_wconf 76' lang='lat' dir='ltr'><strong>sanctis</strong></span> <span class='ocrx_word' id='word_1_331' title='bbox 676 3717 775 3768; x_wconf 90' lang='lat' dir='ltr'><strong>Dei</strong></span> <span class='ocrx_word' id='word_1_332' title='bbox 822 3715 1174 3781; x_wconf 78' lang='lat' dir='ltr'><strong>Euvangeliis</strong></span> <span class='ocrx_word' id='word_1_333' title='bbox 1219 3714 1410 3781; x_wconf 87' lang='lat' dir='ltr'><strong>positis</strong></span> <span class='ocrx_word' id='word_1_334' title='bbox 1457 3732 1639 3764; x_wconf 90' lang='lat' dir='ltr'><strong>coram</strong></span> <span class='ocrx_word' id='word_1_335' title='bbox 1685 3712 1862 3774; x_wconf 81' lang='lat' dir='ltr'><strong>nobis,</strong></span> <span class='ocrx_word' id='word_1_336' title='bbox 1909 3722 1972 3762; x_wconf 90' lang='lat' dir='ltr'><strong>ut</strong></span> <span class='ocrx_word' id='word_1_337' title='bbox 2015 3714 2081 3763; x_wconf 91' lang='lat' dir='ltr'><strong>de</strong></span> <span class='ocrx_word' id='word_1_338' title='bbox 2141 3713 2300 3763; x_wconf 87' lang='lat' dir='ltr'><strong>vultu</strong></span> <span class='ocrx_word' id='word_1_339' title='bbox 2334 3712 2428 3763; x_wconf 90' lang='lat' dir='ltr'><strong>Dei</strong></span> 
     </span>
    </p>
   </div>
   <div class='ocr_carea' id='block_1_6' title="bbox 2406 0 2540 4354">
    <p class='ocr_par' dir='ltr' id='par_1_8' title="bbox 2406 0 2540 4354">
     <span class='ocr_line' id='line_1_43' title="bbox 2406 0 2540 4354; baseline 0 0"><span class='ocrx_word' id='word_1_340' title='bbox 2406 0 2540 4354; x_wconf 95' lang='lat' dir='ltr'><strong> </strong></span> 
     </span>
    </p>
   </div>
  </div>
 </body>
</html>
