2540 4354
398 370 502 423 234
807 381 1098 415 Burmann
1142 382 1216 414 DE
1250 361 1666 424 L¹1NQtJlsrr10N
1698 380 2020 423 rnANcArsn

475 502 698 553 Dilecto
748 498 856 549 filio
903 497 1165 563 magistro
1215 498 1498 550 Guillelmo
1547 499 1843 549 Lombardi
1864 498 1901 561 ¹,
1949 500 2207 550 canonico
2255 501 2410 552 Mira-

416 588 638 656 piscen.,
665 582 793 634 iuris
822 581 991 632 civilis
1020 582 1325 648 professori.
1356 614 1424 620 —
1452 585 1675 634 Dudum
1705 583 1773 633 ad
1802 583 2140 634 audientiam
2168 595 2410 636 nostram

410 671 674 738 perducto
728 667 873 732 quod
929 666 1246 718 Guillelmus
1301 668 1364 716 de
1419 667 1730 718 Castillione
1787 667 2037 728 Piscaria,
2095 669 2158 717 de
2199 668 2410 731 Tuscia,

407 753 608 805 ordinis
658 753 890 803 fratrum
940 751 1230 813 minorum,
1279 768 1564 803 romanam
1625 769 1854 818 sequens
1917 751 2138 812 curiam,
2189 764 2305 803 erat
2349 754 2412 802 de

407 836 677 890 scismatis
728 845 783 885 et
833 835 1030 885 heresis
1082 835 1307 902 aliisque
1356 836 1636 886 horrendis
1701 835 2015 887 criminibus
2065 838 2414 887 vehementer

406 932 692 988 suspectus
721 930 776 971 et
803 919 970 971 etiam
1001 921 1337 984 diffamatus,
1366 940 1464 971 nos
1494 921 1588 986 qui
1614 939 1722 972 non
1765 922 1938 971 solum
1967 921 2021 971 in
2050 922 2238 971 eadem
2269 922 2412 972 curia

408 1010 501 1059 sed
542 1007 742 1072 ubique
785 1005 1004 1072 purgari
1045 1005 1269 1056 crimina
1311 1007 1624 1057 huiusmodi
1663 1017 1719 1056 et
1758 1006 1982 1072 extingi,
2026 1025 2086 1056 ac
2116 1006 2412 1072 puritatem

408 1104 464 1143 et
512 1092 883 1144 sinceritatem
934 1093 1060 1142 fidei
1106 1093 1412 1143 orthodoxe
1459 1092 1760 1158 prefulgere
1820 1088 2095 1141 desideriis
2159 1102 2413 1158 optamus

409 1176 654 1238 intensis,
715 1176 1117 1227 venerabilibus
1177 1176 1440 1227 fratribus
1499 1177 1699 1227 nostris
1758 1176 2063 1226 Bertrando
2087 1175 2124 1238 2,
2188 1176 2412 1239 Ostien.,

410 1272 465 1313 et
512 1262 791 1312 Bernardo
817 1259 854 1323 3,
906 1263 1217 1311 Ruthenen.
1267 1261 1552 1328 episcopis,
1601 1272 1733 1311 tunc
1782 1262 1986 1311 decano
2034 1260 2251 1311 ecclesie
2299 1262 2414 1310 Bel-

411 1365 620 1408 vacen.,
660 1346 784 1395 vive
822 1346 970 1395 vocis
1009 1346 1225 1396 oraculo
1264 1346 1519 1397 duximus
1558 1346 2018 1397 committendum
2039 1356 2100 1395 ut
2124 1363 2284 1411 super
2304 1364 2417 1412 pre·

414 1431 590 1482 missis
624 1441 677 1480 et
710 1449 771 1480 ea
804 1431 1177 1496 tangentibuS,
1210 1442 1326 1482 tam
1359 1450 1481 1481 cum
1513 1431 1706 1480 eodem
1741 1430 2024 1481 Guillelmo
2073 1449 2237 1495 quam
2271 1430 2417 1491 alias,

417 1527 584 1583 prout
617 1514 1019 1566 rationabiliter
1053 1526 1193 1566 esset
1226 1516 1525 1566 secundum
1560 1515 1868 1566 sanctiones
1904 1515 2190 1565 canonicas
2225 1515 2421 1565 facien·

417 1604 568 1664 dum,
627 1601 921 1652 veritatem
992 1600 1279 1667 diligenter
1334 1602 1672 1667 inquirerent
1731 1611 1786 1650 et
1847 1600 2098 1651 exhibere
2151 1601 2420 1652 iusticiam

416 1696 792 1753 procurarent.
816 1687 887 1769 Et
916 1686 1042 1736 licet
1071 1686 1173 1752 ipsi
1202 1687 1271 1737 ad
1302 1686 1510 1752 aliquos
1543 1697 1696 1736 actus
1728 1697 1788 1735 ut
1818 1686 2183 1736 intelleximus
2215 1705 2422 1751 proces·

412 1773 585 1823 serint
617 1773 773 1823 iuxta
805 1782 1052 1822 tenorem
1087 1772 1482 1822 commissionis
1517 1791 1609 1838 per
1641 1790 1737 1822 nos
1772 1782 1834 1821 ut
1879 1771 2218 1838 premittitur
2263 1789 2421 1837 super

414 1858 515 1909 hiis
554 1858 658 1908 sibi
693 1858 863 1919 facte3
902 1857 1027 1923 quia
1064 1868 1252 1909 tamen
1289 1845 1465 1907 dictus
1502 1857 1785 1923 episcopus
1825 1858 2135 1907 Ruthenen.
2175 1858 2238 1906 de
2275 1857 2418 1906 curia

417 1944 663 2008 predicta
698 1944 953 1993 recedens
990 1944 1058 1993 ad
1093 1962 1249 1993 suam
1283 1943 1509 1992 accessit
1543 1943 1824 1992 ecclesiam
1847 1940 2178 2005 Ruthenen„
2199 1941 2421 1991 ulterius

415 2047 726 2094 processum
753 2047 862 2079 non
911 2028 1099 2078 extitit
1126 2029 1181 2078 in
1208 2028 1428 2093 negocio
1457 2028 1791 2094 supradicto.
1825 2028 1933 2077 Nos
1974 2027 2141 2091 igitur
2180 2029 2423 2077 nolentes

425 2114 711 2181 negocium
750 2113 930 2179 ipsum
968 2113 1192 2163 ulterius
1231 2112 1515 2174 retardari,
1554 2123 1608 2162 te
1647 2131 1808 2178 super
1846 2112 2102 2178 predictis
2140 2113 2256 2162 loco
2309 2130 2421 2177 pre-

423 2200 527 2251 fati
561 2197 874 2250 Ruthenen.
910 2187 1151 2264 episcopi
1181 2193 1374 2248 tenore
1404 2198 1740 2264 presentium
1771 2215 2119 2262 surrogamus
2153 2208 2207 2246 et
2239 2197 2425 2247 adiun-

419 2284 594 2349 gimus
637 2282 845 2334 Ostien.
886 2283 1140 2349 episcopo
1181 2294 1484 2334 memorato
1525 2284 1570 2344 43
1611 2282 1928 2333 discrecioni
1957 2293 2050 2332 tue
2086 2301 2180 2348 per
2211 2292 2426 2348 aposto-

416 2369 517 2419 lica
552 2367 758 2434 scripta
793 2368 1120 2418 mandantes
1157 2368 1417 2433 quatinus
1452 2365 1524 2416 sic
1559 2369 1782 2417 solerter
1815 2377 1869 2416 et
1906 2367 2138 2417 fideliter
2169 2378 2223 2416 te
2252 2385 2426 2433 gerere

416 2473 525 2504 una
557 2471 680 2504 cum
709 2452 826 2518 ipso
858 2453 1079 2503 studeas
1110 2453 1164 2502 in
1194 2454 1296 2502 hac
1326 2463 1479 2518 parte
1513 2453 1659 2518 quod
1691 2452 1815 2502 inde
1846 2454 2030 2503 valeas
2061 2452 2252 2503 merito
2285 2471 2429 2502 com-

418 2538 681 2589 mendari.
735 2567 803 2572 ——
854 2539 1063 2588 Datum
1118 2536 1391 2599 Avinioni‚
1446 2557 1520 2587 xv
1572 2538 1836 2587 kalendas
1891 2537 2222 2599 novembris,
2287 2555 2426 2587 anno

414 2624 668 2674 secundo.
1709 2670 1711 2672 .
1819 2642 1848 2655 ³

473 2773 511 2813 1.
546 2772 653 2814 Voir
675 2787 717 2813 n.
742 2773 842 2825 150,
865 2779 972 2814 note
993 2774 1034 2814 3.

475 2845 515 2884 2.
547 2843 770 2885 Bertrand
804 2844 866 2884 du
900 2843 1079 2896 Poujet,
1113 2841 1313 2884 cardinal
1346 2843 1408 2883 du
1442 2841 1548 2883 titre
1581 2842 1636 2882 de
1670 2840 2002 2893 Saint-Marcel,
2035 2841 2075 2882 le
2108 2842 2161 2882 18
2196 2839 2428 2883 decembre

418 2915 551 2963 13163
579 2915 750 2967 eveque
775 2913 964 2966 d'Ostie,
990 2914 1030 2954 le
1054 2914 1108 2954 18
1135 2913 1370 2955 decembre
1395 2913 1528 2961 1327;
1555 2919 1676 2953 mort
1699 2912 1739 2952 le
1763 2913 1788 2953 3
1814 2911 1977 2952 fevi-ier
2001 2912 2127 2953 1352.
2156 2910 2428 2962 Ciacconius,

420 2992 452 3026 t.
486 2999 538 3037 11,
570 2984 651 3025 col.
685 2984 895 3032 409-4103
928 2983 1110 3035 Baluze‚
1142 2991 1175 3024 t.
1211 2998 1243 3035 1,
1275 2982 1356 3023 col.
1391 2982 1494 3031 7253
1530 2980 1716 3032 Denisse‚
1748 2970 1910 3022 Archiv
1939 2981 2014 3034 Ιίῑι·
2034 2981 2281 3033 Litteratur,
2313 2988 2346 3022 t.
2379 2994 2429 3033 11,

421 3070 464 3109 p.
487 3055 696 3103 217-218;
721 3052 880 3106 Eubel,
900 3054 1042 3106 Hiera,
1063 3061 1096 3094 t.
1120 3068 1152 3106 1,
1174 3068 1218 3108 p.
1240 3054 1316 3102 143
1341 3053 1391 3093 E.
1413 3051 1542 3104 Albe,
1562 3052 1735 3093 Autour
1753 3052 1804 3092 de
1823 3052 1938 3092 Jean
1958 3051 2126 3104 XXII,
2146 3053 2258 3093 dans
2277 3051 2430 3092 Anna·
2510 3078 2513 3081 -

418 3126 477 3167 les
508 3125 558 3165 de
590 3123 1221 3177 saint-Lonis-des-Franpais,
1252 3123 1377 3177 janv.
1411 3123 1539 3175 1903,
1572 3137 1614 3177 p.
1650 3123 1853 3164 206-220.

478 3197 519 3237 3.
552 3196 751 3236 Bernard
783 3195 950 3248 d'Albi,
982 3196 1037 3235 ne
1067 3195 1094 3235 a
1124 3194 1360 3236 Saverdun
1395 3192 1602 3247 (Ariege),
1634 3194 1782 3246 doyen
1813 3194 1868 3234 de
1898 3193 2136 3245 Beauvais,
2167 3193 2347 3234 licem-e
2378 3207 2430 3234 en

423 3267 588 3318 decret,
620 3265 856 3320 chapelain
885 3266 941 3306 de
969 3266 1134 3306 Benoit
1162 3265 1274 3317 XII,
1304 3264 1390 3306 fait
1419 3278 1501 3318 par
1529 3263 1592 3304 lui
1622 3265 1792 3317 eveque
1822 3264 1877 3304 de
1909 3263 2076 3316 RodeZ,
2107 3263 2146 3304 le
2175 3264 2226 3305 31
2259 3263 2432 3317 janvier

425 3337 552 3389 1336,
588 3350 749 3390 promu
785 3350 843 3377 au
879 3335 1132 3378 cardinalat
1171 3333 1294 3388 (titre
1329 3336 1384 3376 de
1420 3332 1828 3387 saint-Cyriaque),
1864 3334 1904 3375 le
1939 3334 1994 3375 18
2030 3334 2264 3375 decembre
2299 3334 2430 3382 1338;

425 3408 594 3460 eveque
620 3405 677 3446 de
706 3406 859 3459 Porto,
886 3406 927 3447 le
954 3406 1008 3446 19
1036 3405 1212 3458 janvier
1238 3405 1372 3453 13493
1400 3411 1522 3446 mort
1547 3404 1588 3445 le
1616 3405 1669 3445 23
1698 3404 1943 3445 novembre
1970 3404 2095 3446 1350.
2133 3403 2242 3445 Gall.
2272 3403 2429 3456 christ„

425 3485 455 3518 t.
484 3491 516 3529 1,
541 3476 622 3519 col.
650 3477 859 3526 217-218;
886 3457 1162 3526 Cfficconius,
1187 3483 1221 3516 t.
1248 3489 1299 3527 11,
1324 3474 1406 3516 col.
1433 3475 1643 3522 477-478;
1669 3474 1849 3526 Baluze,
1874 3482 1908 3515 t.
1935 3489 1967 3526 1,
1992 3474 2074 3516 col.
2101 3475 2306 3527 820-822,
2329 3474 2430 3515 860·

423 3548 526 3595 862;
551 3547 668 3587 Hist.
694 3546 744 3587 de
766 3547 924 3599 Lang.,
950 3554 982 3587 t.
1009 3560 1076 3598 rx,
1101 3560 1144 3599 p.
1170 3546 1275 3594 479;
1302 3545 1461 3597 Eubel,
1484 3545 1626 3596 Hier„
1651 3551 1684 3585 t.
1709 3558 1742 3597 1,
1766 3559 1807 3599 p.
1835 3545 1905 3596 17,
1929 3545 2026 3588 449.

479 3618 520 3656 4.
554 3617 616 3657 Le
650 3620 805 3670 proces
840 3617 913 3658 fut
948 3616 1137 3657 termine
1173 3631 1255 3670 par
1290 3615 1544 3657 Guillaume
1580 3615 1806 3656 Lombard
1844 3622 1890 3656 et
1924 3629 2006 3668 par
2040 3615 2342 3668 l’inquisiteur
2374 3614 2427 3655 de

419 3687 644 3729 Provence
674 3687 731 3741 (n.
758 3687 875 3741 170).
