2540 4354
905 348 1171 401 cti'zumw
1210 365 1266 402 vi
1973 354 2076 409 319

21 483 23 485 ’
56 498 267 562 uinum
298 478 676 548 inquisitorem
709 497 984 532 successor
1017 481 1183 547 ipsius
1220 484 1382 534 vellet
1416 497 1699 552 exemptos
1734 504 1846 538 esse
1862 488 1939 540 illi
1954 507 2073 556 pre-

8 583 9 586 *
55 563 242 625 ,.dicta
278 562 624 630 exemptione
661 563 961 629 gauderent
997 564 1138 615 sicut
1176 566 1349 631 prius;
1388 568 1479 618 sed
1518 568 1562 618 si
1598 570 1729 621 alios
1768 571 1932 623 vellet
1961 572 2070 623 exi-

46 650 261 708 ··„mere,
310 645 541 713 predicti
589 662 807 713 presens
855 648 1097 713 exempti
1144 659 1347 699 extunc
1410 650 1629 702 omnino
1675 664 1946 706 cessarent
2002 655 2072 707 ab

83 726 441 801 ρισιιιριίοιιο
476 727 748 796 predicta3
783 729 951 779 ceteri
986 747 1113 780 vero
1150 730 1440 784 consiliarii
1474 743 1529 782 et
1563 733 1728 786 iurati
1763 735 1896 787 dicti
1916 735 2075 788 officii

21 811 26 814 ’
74 810 494 883 {aquisitionim
514 811 901 878 cuiuscumque
937 813 1264 865 conditionis
1296 815 1609 880 existerent,
1630 818 1724 884 qui
1755 828 1886 870 tunc
1918 829 2075 873 erant

10 946 11 950 ,
62 899 77 913 ²
97 904 158 954 nt
180 912 278 966 pro
294 906 539 964 tempore
568 896 748 948 forent
766 895 1104 948 habitatores
1123 906 1179 946 et
1196 896 1367 948 incole
1386 898 1518 951 dlctl
1536 902 1708 966 burgi
1727 912 2074 970 preterquam

26 997 30 1002 ’
67 955 375 1044 &duntaxa-t
416 979 652 1048 predicti
694 989 803 1030 tres
847 980 1118 1031 auxiliarii
1162 992 1217 1031 et
1261 1000 1398 1032 unus
1443 984 1690 1035 notarius
1735 1005 1843 1037 non
1898 997 2077 1039 essent

15 1070 19 1071 ’
71 1054 82 1093 i
94 1063 337 1131 exempti
370 1062 650 1115 occasione
683 1080 776 1114 seu
811 1074 1068 1130 pretextu
1103 1063 1262 1113 officii
1297 1066 1597 1131 supradicti
1630 1087 1659 1119 a
1695 1070 1878 1131 talliis,
1900 1071 2076 1134 gabel-

88 1146 163 1202 Ἰἰι
201 1157 274 1223 et⁶
294 1146 735 1216 impositionibus
778 1146 1211 1213 quibuscumque
1254 1165 1346 1214 per
1387 1149 1559 1200 dictos
1579 1153 2076 1214 consulesindictiS,

181 1240 298 1285 tam
327 1248 423 1298 per
448 1247 540 1282 eos
572 1248 739 1297 quam
769 1247 864 1297 per
892 1248 1078 1281 eorum
1109 1249 1441 1283 successores
1474 1252 1568 1300 pro
1601 1245 1842 1301 tempore
1887 1236 1941 1287 in
1984 1255 2075 1303 po·

85 1315 115 1367 ι’
168 1331 303 1367 rum
340 1313 661 1377 indicendis,
699 1313 867 1365 immo
908 1314 1159 1381 compelli
1197 1326 1420 1381 possent
1458 1317 1526 1368 ad
1550 1319 1870 1369 solvendum
1897 1318 2076 1370 huius-

172 1424 177 1441 ·
204 1397 247 1450 ·i
292 1398 546 1464 gabellas‚
594 1396 774 1450 tallias
822 1407 877 1448 et
924 1396 1297 1464 impositiones
1346 1399 1506 1462 sicut,
1534 1402 1694 1451 ceteri
1745 1402 2078 1454 habitatores

35 1524 42 1545 ,
88 1521 120 1550 4
182 1481 352 1533 incole
383 1481 539 1547 burgi
568 1480 815 1548 predicti,
845 1480 949 1532 nisi
978 1481 1111 1532 alias
1143 1498 1237 1548 per
1267 1482 1542 1548 privilegia
1577 1486 1661 1534 vel
1692 1485 1757 1534 de
1777 1487 1885 1536 iure
1904 1503 1996 1537 seu
2015 1486 2080 1536 de

93 1564 490 1618 nsuetudine
530 1564 711 1615 forent
750 1564 1009 1631 exempti,
1052 1581 1145 1615 seu
1187 1565 1454 1618 immunes
1474 1569 1933 1634 contemplatione
1966 1584 2079 1635 per-

95 1711 107 1719 p
145 1675 149 1691 ι
180 1666 354 1701 arum
389 1666 611 1701 suarum
646 1658 744 1700 aut
779 1647 931 1712 alias,
968 1665 1079 1700 non
1115 1658 1369 1715 pretextu
1408 1649 1566 1700 officii
1602 1652 1915 1717 supradicti.
1958 1652 2084 1703 Fuit

131 1729 268 1784 '‘ln
303 1731 641 1784 concorditer
678 1731 993 1783 ordinatum
1031 1732 1177 1797 quod
1216 1732 1350 1782 dicti
1387 1743 1493 1783 tres
1533 1735 1821 1786 consiliarii
1857 1746 1912 1785 et
1944 1755 2082 1787 unus

44 1839 51 1848 ’
122 1815 344 1870 tarius
375 1834 470 1883 per
498 1815 707 1867 dictum
737 1814 1113 1882 inquisitorem
1145 1826 1199 1865 et
1229 1816 1361 1867 alios
1394 1818 1486 1882 qui
1518 1836 1611 1883 pro
1632 1829 1874 1884 tempore
1906 1820 2084 1870 forent

0 1881 1 1900 Χ
54 1971 57 1973 Α
107 1970 110 1973 ⁴
174 1899 390 1963 'nendi,
421 1898 727 1951 non'essent
778 1899 1021 1965 exempti
1076 1899 1356 1949 occasione
1409 1901 1651 1965 predicta
1706 1903 2084 1954 observatione

48 2005 50 2010 ’
109 2043 117 2046 ‚
190 1993 435 2035 tutorum
496 1984 848 2035 honestorum
909 1993 964 2032 et
1022 1982 1433 2035 rationabilium
1495 2002 1659 2050 penas
1720 1985 2081 2051 infligentium

53 2057 55 2060 ’
100 2062 108 2094 3
141 2086 214 2121 -ιιι
245 2067 662 2120 observantibus
697 2085 779 2129 ea,
815 2066 1089 2118 editorum
1124 2077 1180 2117 et
1212 2067 1547 2119 edendorum
1583 2086 1676 2134 per
1710 2069 1951 2122 consules
1972 2088 2088 2135 pre-

85 2152 113 2221 ‚⁹
190 2169 246 2204 os
284 2160 381 2220 p'ro
419 2151 661 2204 utilitate
699 2151 999 2203 incolarum
1038 2160 1095 2200 et
1133 2150 1510 2202 habitatorum
1564 2152 1697 2202 dicti
1737 2153 1910 2218 burgi3
1957 2153 2087 2218 quin

219 2245 245 2286 t
283 2234 448 2286 ceteri
487 2234 660 2286 incole
699 2245 756 2285 et
797 2236 899 2285 sub
941 2234 1093 2301 penis
1134 2233 1192 2286 in
1230 2234 1435 2285 eisdem
1478 2236 1748 2286 contentis
1791 2237 1860 2288 ad
1901 2252 2085 2286 eorum

116 2330 144 2352 ⁸
200 2350 222 2360 <-
299 2318 507 2372 antiam
545 2327 878 2370 tenerentur.
922 2318 1121 2368 Actum
1161 2317 1267 2368 fuit
1304 2318 1473 2370 etiam
1512 2318 1654 2370 inter
1693 2319 1866 2371 dictas
1906 2329 2087 2385 partes

136 2396 251 2455 od
286 2419 470 2455 omnes
507 2419 785 2470 processus
822 2412 878 2452 et
914 2402 1183 2453 sententie
1233 2402 1802 2454 excomunicationum
1853 2402 1985 2454 facti
2035 2412 2090 2452 et

134 2486 139 2498 '
179 2523 204 2555 ,¹
258 2503 354 2555 per
402 2486 609 2537 dictum
660 2485 1035 2553 inquisitorem
1086 2503 1179 2535 seu
1229 2484 1341 2536 eius
1391 2487 1851 2538 locumtenentem
1902 2495 2086 2536 contra

154 2602 157 2608 ·
189 2570 347 2623 ¹·ules
404 2570 673 2638 predictos
731 2579 786 2619 et
843 2569 917 2619 eis
978 2569 1386 2635 participantes,
1431 2586 1643 2619 necnon
1699 2569 2089 2635 appellationes

123 2649 188 2696 Δῖ»
221 2670 375 2705 orum
417 2654 699 2704 consulum
742 2664 797 2703 et
841 2653 1014 2703 omnis
1059 2653 1353 2702 eorundem
1400 2670 1763 2717 processuum,
1796 2651 2090 2702 sententia-

71 2774 74 2775 ν
262 2746 318 2788 et
353 2736 783 2804 appellationum
821 2736 1067 2799 effectus,
1105 2747 1160 2786 et
1199 2754 1537 2802 quecumque
1572 2736 1696 2786 inde
1734 2746 1937 2796 secuta,
1975 2734 2085 2783 siet

84 2853 85 2858 =
120 2819 170 2886 'f-
219 2818 365 2874 tinus
398 2821 465 2872 de
498 2820 611 2871 iure
646 2830 913 2883 tenerent,
949 2830 1129 2870 essent
1166 2838 1315 2870 cassa
1354 2830 1406 2868 et
1443 2819 1594 2870 irrita
1630 2830 1682 2868 et
1703 2819 1908 2870 nullam
1943 2817 2089 2867 dein·

139 2908 226 2946 ἰ*
289 2902 599 2972 optinerent
642 2903 759 2970 (sic)
808 2903 1145 2965 firmitatem,
1189 2913 1244 2952 et
1288 2921 1382 2968 pro
1426 2920 1535 2952 non
1578 2902 1735 2952 factis
1777 2911 1832 2950 et
1890 2899 2091 2951 habitis

145 3016 168 3024 ·=
201 2985 534 3055 interpositis
564 2986 781 3054 penitus
813 2987 1170 3047 haberentur;
1204 2985 1401 3051 prefati
1434 3003 1648 3050 quoque
1681 2985 1925 3035 consules
1985 3000 2090 3033 una

90 3139 94 3142 .
145 3096 164 3105 ·‹
199 3095 221 3114 ··
267 3087 451 3121 eorum
486 3070 963 3137 participantibus,
1000 3070 1044 3121 si
1079 3080 1133 3119 et
1172 3069 1429 3135 quatinus
1467 3069 1801 3134 indigebant,
1820 3067 1933 3117 sive
1968 3066 2094 3116 sim-

53 3173 55 3175 *
93 3136 339 3271 ἰοι,
384 3152 500 3205 sive
544 3153 614 3205 ad
663 3154 934 3205 cautelam
983 3170 1078 3219 per
1123 3169 1221 3203 nos
1270 3152 1684 3204 absolverentur
1730 3169 1760 3204 a
1809 3147 2093 3201 sententiis

153 3235 546 3307 processibus
593 3236 938 3302 supradictis.
991 3236 1168 3299 Quam
1219 3234 1439 3300 quidem
1487 3234 1827 3288 amicabilem
1876 3247 2094 3295 compo·
2106 3271 2111 3276 .

220 3335 363 3372 mem
400 3318 600 3386 prefati
637 3319 928 3385 inquisitor
965 3330 1019 3369 et
1059 3319 1305 3369 consules
1346 3328 1619 3383 presentes
1657 3327 1918 3367 eteorum
1939 3313 2092 3378 quili-

166 3409 210 3453 ι
235 3418 332 3470 pro
359 3418 416 3453 se
443 3411 499 3452 et
529 3401 839 3453 nominibus
871 3401 1200 3468 supradictis
1234 3410 1396 3466 prout
1428 3401 1726 3466 quemlibet
1755 3415 1940 3449 eorum
1973 3406 2096 3446 tan·

118 3539 120 3542 ,
218 3494 279 3535 -t
332 3483 714 3548 laudaverunt,
775 3486 1242 3552 approbav,erunt
1305 3483 1720 3534 ratificaverunt
1780 3491 1834 3530 et
1896 3478 2095 3529 omolo-

167 3576 381 3620 verunt
421 3584 669 3634 expresse
713 3586 776 3620 ac
817 3579 1015 3630 ratam,
1062 3577 1274 3632 gratam
1319 3575 1374 3614 et
1418 3576 1700 3633 acceptam
1743 3565 1798 3615 in
1842 3560 2093 3612 omnibus

152 3659 297 3716 per
322 3649 501 3701 omnia
530 3649 858 3714 habuerunt,
891 3662 1051 3718 prout
1080 3650 1135 3700 in
1165 3648 1482 3714 patentibus
1511 3648 1706 3699 litteris
1750 3646 1874 3697 inde
1918 3642 2095 3693 confe-

145 3730 228 3784 is
271 3730 511 3798 ejusdem
561 3733 847 3784 cardinalis
890 3733 1060 3798 sigillo
1102 3731 1327 3783 munitis
1377 3731 1583 3795 plenius
1633 3730 1960 3781 continetur
1995 3724 2104 3775 Nos
