2540 4354
976 376 1190 412 uanam
1228 378 1260 411 v
1996 360 2099 416 375

947 635 1292 694 ,257—

4 806 11 811 ’
123 861 138 882 ᾖ,
187 808 395 863 Urbain
435 809 478 860 V
509 808 738 860 ordonne
770 826 878 858 aux
909 811 1116 874 ἐνέφυσε
1150 820 1195 859 et
1228 828 1334 860 aua:
1367 810 1706 877 inquisiteurs
1740 812 1811 861 du
1845 828 2089 876 royaume

207 893 411 946 Franco
445 892 507 943 de
543 890 852 958 poursaivre
888 892 959 942 les
1001 892 1218 956 beguins
1257 912 1323 942 οιι
1365 895 1615 958 be'guards
1652 894 1687 945 ¹.
1745 895 1794 944 Il
1842 903 2089 944 transmet

150 974 391 1042 -Pdvdque
419 975 480 1026 de
512 974 670 1026 Paris
691 973 714 1006 ⁸
747 993 820 1025 an
851 985 1065 1040 rapport
1095 994 1187 1025 sur
1218 977 1270 1025 la
1301 976 1395 1039 vie,
1430 977 1499 1026 les
1535 996 1738 1039 mmm-s,
1772 977 1843 1027 les
1887 993 2086 1026 err-curs

113 1076 118 1080 ·
181 1058 253 1123 les
280 1058 483 1124 refugos
511 1058 573 1109 de
600 1077 679 1108 ces
708 1058 1016 1124 nitidque&
1046 1059 1116 1108 les
1146 1071 1317 1110 autres
1347 1061 1537 1125 prelats
1567 1070 1815 1125 pourront
1843 1078 1907 1110 en
1936 1077 2085 1125 pren·

182 1181 185 1183 ,
234 1140 624 1194 connaissance.
668 1168 737 1178 ——
779 1141 1047 1207 Avignon,
1092 1143 1122 1192 3
1165 1145 1470 1209 septembre
1516 1143 1664 1194 1365.

446 1288 551 1342 Reg.
578 1289 695 1341 Vah,
716 1295 749 1330 t.
772 1302 974 1340 ccxtvn,
995 1288 1070 1329 l'ol.
1092 1290 1196 1337 309;
1221 1289 1458 1342 Raynaldi,
1478 1289 1659 1341 Anna1.‚
1680 1304 1750 1331 an.
1774 1290 1899 1341 1365,
1922 1304 1962 1330 ιι.
1988 1304 2089 1331 xvu

392 1356 458 1410 (in
491 1357 613 1411 mag
653 1358 763 1400 Paul
803 1355 1051 1412 Fredericq,
1089 1357 1258 1413 Corpus
1292 1358 1456 1400 docum.
1498 1358 1806 1412 Inquisitionis
1842 1359 1927 1400 her.
1966 1372 2086 1412 prav.

388 1426 691 1481 Neuter-diae,
715 1427 861 1479 Gand,
887 1428 1146 1480 1889-1896,
1172 1435 1204 1469 t.
1231 1442 1263 1479 1,
1287 1443 1330 1482 p.
1356 1428 1454 1480 206,
1481 1443 1522 1469 n.
1548 1429 1644 1470 208.

97 1548 134 1594 ἕ
176 1558 581 1612 venerabilibus
628 1560 887 1612 iratribus
934 1559 1196 1612 universis
1242 1559 1654 1626 archiepiscopis
1700 1571 1756 1610 et
1800 1560 2082 1627 episcopis,

156 1641 423 1696 dilectis
474 1643 594 1695 filiis
641 1634 1053 1710 inquisitoribus
1103 1643 1335 1694 heretice
1382 1644 1670 1709 pravitatis
1720 1663 1813 1710 per
1857 1662 2080 1708 regnum

106 1698 159 1756 ¹7
209 1725 327 1778 neie
361 1726 675 1778 constitutis
709 1728 779 1778 ad
815 1745 950 1792 quos
986 1736 1259 1793 presentes
1296 1726 1655 1791 pervenerint,
1692 1727 1941 1787 salutem,
1975 1737 2082 1778 etc.

132 1798 139 1802 ⁸
204 1807 376 1876 Super
407 1810 713 1861 custodiam
749 1811 986 1875 gregis...
1026 1810 1165 1861 Sane
1199 1810 1268 1860 ad
1303 1810 1638 1860 audientiam
1674 1820 1915 1860 nostram
1954 1810 2079 1859 fide-

112 1889 268 1957 sss’aqa·
316 1893 577 1944 relatione
628 1895 877 1961 pervenit
926 1894 1072 1959 quod
1123 1892 1347 1958 quidam
1397 1893 1507 1960 ,filii
1570 1893 1754 1943 Belial=
1798 1893 2078 1958 utriusque

127 1971 140 2030 ,²¹
151 1990 288 2036 xus,
331 1976 424 2042 qui
467 1976 705 2042 begardi,
749 1996 843 2028 seu
887 1976 1104 2042 beguini
1147 1975 1441 2042 vulgariter
1471 1986 1874 2041 nuncupantur,
1893 1986 1948 2025 et
1978 1977 2078 2026 sub

160 2077 250 2101 ··v
321 2059 456 2126 pelle
510 2059 755 2127 lupinam
812 2060 1088 2111 feritatem
1143 2060 1489 2111 abscondunt
1558 2058 1741 2109 multis
1809 2058 2076 2109 erroribus

117 2141 516 2196 “stabilibus
556 2142 791 2194 involuti
829 2143 884 2195 in
923 2142 1148 2194 diversis
1189 2142 1523 2202 civitatibus,
1565 2142 1771 2202 castris,
1814 2141 1968 2201 villis,
2023 2151 2077 2190 et

102 2222 104 2225 ’
255 2225 404 2290 regni
435 2225 656 2278 Francie
684 2227 987 2287 latitantes,
1016 2226 1303 2277 nonnullos
1337 2225 1536 2286 fideles,
1568 2224 1847 2290 presertim
1876 2223 2077 2289 simpli-

134 2298 164 2321 ³
217 2323 251 2359 a
280 2306 367 2359 via
401 2309 648 2361 veritatis
682 2319 927 2361 avertere
960 2319 1015 2359 et
1048 2327 1230 2360 secum
1263 2309 1317 2359 in
1351 2309 1650 2373 gehennam
1684 2308 1893 2358 trahere
1930 2307 2076 2357 moli-

143 2388 284 2443 “tun
326 2390 435 2443 Nos
474 2392 639 2458 igitur
678 2393 957 2460 cupientes
1000 2393 1145 2459 quod
1186 2392 1445 2442 adversus
1487 2391 1678 2441 talium
1719 2390 2075 2442 nefandorum

262 2472 395 2525 tiam
454 2474 809 2542 periculosam
867 2476 1096 2527 nimium
1169 2460 1448 2540 oportunis
1520 2472 1766 2523 remediis
1838 2473 2076 2523 celeriter

126 2565 428 2619 ιι.,ιτιιῑιιι·,
467 2557 777 2609 discretioni
817 2569 995 2610 vestre
1034 2557 1365 2625 presentium
1407 2567 1590 2606 tenore
1629 2555 1870 2605 districte
1912 2556 2074 2620 preci-

172 2664 209 2681 ·=·
238 2657 295 2690 ·o
343 2641 667 2693 mandamus
717 2642 994 2708 quatinus,
1043 2641 1273 2707 receptis
1324 2639 1680 2706 presentibus,
1731 2638 1876 2688 omni
1927 2657 2072 2688 mora

143 2716 332 2798 filus,
374 2733 561 2775 contra
608 2725 868 2790 begardos
909 2725 1127 2775 eosdem
1170 2743 1231 2775 ac
1275 2724 1550 2773 credentes
1595 2722 1832 2787 ipsorum
1887 2722 2072 2772 errori-

157 2832 159 2835 >
205 2841 220 2867 ,
265 2823 472 2858 necnon
521 2807 779 2868 fautores,
829 2808 1135 2859 defensores
1183 2817 1238 2856 et
1286 2815 1649 2871 receptatores
1696 2822 1900 2864 eorum,
1951 2824 2072 2855 cum

162 2875 173 2888 τ
229 2884 245 2900 ⁶
288 2888 584 2956 diligentia,
630 2890 998 2957 appellatione
1043 2889 1368 2956 postposita,
1415 2888 1579 2938 vestri
1626 2887 1783 2937 officii
1826 2888 2071 2938 debitum

146 2972 219 3013 k..
273 2969 606 3035 istudeatis,
637 2973 894 3026 invocato
925 2974 994 3026 ad
1028 2974 1145 3033 hoc,
1178 2972 1220 3022 si
1253 2991 1386 3038 opus
1420 2970 1598 3029 fuerit,
1632 2971 1834 3021 auxilio
1866 2970 2070 3020 brachii

185 3082 206 3087 ·’
275 3052 365 3107 rie.
402 3054 487 3106 Sic
519 3055 708 3122 itaque
741 3074 901 3122 super
936 3056 1036 3106 hiis
1072 3074 1168 3107 vos
1203 3054 1442 3105 reddatis
1476 3048 1713 3103 'solicitos
1747 3062 1802 3101 et
1830 3052 2069 3102 intentos

223 3160 264 3197 ·,
294 3146 474 3203 preter
504 3138 919 3190 retributionem
953 3138 1215 3198 divinam,
1252 3147 1491 3187 nostram
1524 3146 1579 3185 et
1596 3134 1890 3201 apostolice
1921 3134 2069 3185 Sedis

193 3213 328 3270 tiam
361 3220 675 3272 mereamini
710 3221 926 3272 uberius
963 3221 1224 3271 obtinere.
1267 3220 1339 3270 Ut
1374 3228 1558 3269 autem
1594 3218 1660 3267 de
1695 3217 1886 3267 talium
1921 3216 2068 3277 locis,

67 3296 69 3298 ’
143 3291 159 3308 ⁷
220 3336 235 3361 ‚
269 3302 692 3366 conversatione,
729 3323 791 3355 ac
827 3304 1094 3355 erroribus
1131 3303 1245 3354 sitis
1285 3303 1437 3368 plene
1475 3300 1750 3351 informati
1785 3310 1840 3349 et
1877 3309 2064 3350 contra

164 3380 167 3381 ⁷
233 3385 516 3451 procedere
564 3386 754 3440 melius
801 3387 1050 3447 valeatis,
1100 3386 1376 3453 quandam
1423 3382 1861 3434 informationem
1909 3400 2068 3455 super

63 3482 77 3510 ³
140 3522 146 3539 ,7
179 3517 182 3520 Α
231 3466 387 3519 nobis
424 3469 690 3523 traditam
730 3470 1025 3522 venerabili
1058 3468 1210 3519 fratri
1242 3478 1475 3519 nostro„
1512 3466 1761 3532 episcopo
1789 3464 2064 3523 parisien„

242 3546 384 3601 bulla
428 3561 613 3603 nostra
660 3553 1086 3605 transmittimus
1133 3552 1282 3601 cuius
1329 3551 1540 3616 copiam
1586 3549 1779 3614 singuli
1825 3557 2065 3598 vestrum

189 3626 258 3671 ”·’
311 3641 358 3682 t
391 3634 462 3685 ab
497 3635 705 3687 eodem.
743 3663 813 3672 -—
852 3636 1055 3687 Datum
1096 3633 1366 3694 Avinioni,
1407 3652 1467 3683 ιιι
1509 3650 1674 3683 nonas
1725 3630 2063 3731 septembris,

221 3715 453 3771 wer-cio.
505 3724 513 3730 '
702 3726 710 3730 ”
1903 3728 1906 3730 ·
2007 3729 2014 3734 ·
