<?xml version="1.0" encoding="UTF-8"?>
<!DOCTYPE html PUBLIC "-//W3C//DTD XHTML 1.0 Transitional//EN"
    "http://www.w3.org/TR/xhtml1/DTD/xhtml1-transitional.dtd">
<html xmlns="http://www.w3.org/1999/xhtml" xml:lang="en" lang="en">
 <head>
  <title>
</title>
<meta http-equiv="Content-Type" content="text/html;charset=utf-8" />
  <meta name='ocr-system' content='tesseract 3.04.00' />
  <meta name='ocr-capabilities' content='ocr_page ocr_carea ocr_par ocr_line ocrx_word'/>
</head>
<body>
  <div class='ocr_page' id='page_1' title='image "./bullairedelinqui00cathuoft_0571.png"; bbox 0 0 2540 4354; ppageno 0'>
   <div class='ocr_carea' id='block_1_1' title="bbox 884 374 2031 429">
    <p class='ocr_par' dir='ltr' id='par_1_1' title="bbox 884 374 2031 429">
     <span class='ocr_line' id='line_1_1' title="bbox 884 374 2031 429; baseline 0.005 -9"><span class='ocrx_word' id='word_1_1' title='bbox 884 387 1097 422; x_wconf 70' lang='lat' dir='ltr'><strong>aanor-r</strong></span> <span class='ocrx_word' id='word_1_2' title='bbox 1136 389 1241 424; x_wconf 85' lang='lat' dir='ltr'><strong>xm</strong></span> <span class='ocrx_word' id='word_1_3' title='bbox 1930 374 2031 429; x_wconf 87' lang='lat'><strong>477</strong></span> 
     </span>
    </p>
   </div>
   <div class='ocr_carea' id='block_1_2' title="bbox 0 462 246 3728">
    <p class='ocr_par' dir='ltr' id='par_1_2' title="bbox 0 462 246 3728">
     <span class='ocr_line' id='line_1_2' title="bbox 0 462 201 717; baseline 0 -33"><span class='ocrx_word' id='word_1_4' title='bbox 0 462 201 717; x_wconf 95' lang='lat' dir='ltr'><strong>    </strong></span> 
     </span>
     <span class='ocr_line' id='line_1_3' title="bbox 0 717 130 795; baseline 0 0"><span class='ocrx_word' id='word_1_5' title='bbox 0 717 130 795; x_wconf 95' lang='lat' dir='ltr'><strong>  </strong></span> 
     </span>
     <span class='ocr_line' id='line_1_4' title="bbox 0 795 148 1016; baseline 0 -81"><span class='ocrx_word' id='word_1_6' title='bbox 0 795 148 1016; x_wconf 95' lang='lat' dir='ltr'><strong>   </strong></span> 
     </span>
     <span class='ocr_line' id='line_1_5' title="bbox 0 1016 223 1273; baseline 0 0"><span class='ocrx_word' id='word_1_7' title='bbox 0 1016 223 1273; x_wconf 95' lang='lat' dir='ltr'><strong>   </strong></span> 
     </span>
     <span class='ocr_line' id='line_1_6' title="bbox 0 1300 169 1545; baseline 0 -27"><span class='ocrx_word' id='word_1_8' title='bbox 0 1300 169 1545; x_wconf 95' lang='lat' dir='ltr'><strong>    </strong></span> 
     </span>
     <span class='ocr_line' id='line_1_7' title="bbox 0 1545 156 1769; baseline 0 -80"><span class='ocrx_word' id='word_1_9' title='bbox 0 1545 156 1769; x_wconf 95' lang='lat' dir='ltr'><strong>   </strong></span> 
     </span>
     <span class='ocr_line' id='line_1_8' title="bbox 0 1769 208 1882; baseline 0 0"><span class='ocrx_word' id='word_1_10' title='bbox 0 1769 208 1882; x_wconf 95' lang='lat' dir='ltr'><strong>  </strong></span> 
     </span>
     <span class='ocr_line' id='line_1_9' title="bbox 0 1882 246 2136; baseline 0 -34"><span class='ocrx_word' id='word_1_11' title='bbox 0 1882 246 2136; x_wconf 95' lang='lat' dir='ltr'><strong>     </strong></span> 
     </span>
     <span class='ocr_line' id='line_1_10' title="bbox 0 2136 206 2472; baseline 0 -40"><span class='ocrx_word' id='word_1_12' title='bbox 0 2136 206 2472; x_wconf 95' lang='lat' dir='ltr'><strong>     </strong></span> 
     </span>
     <span class='ocr_line' id='line_1_11' title="bbox 0 2472 209 2640; baseline 0 -120"><span class='ocrx_word' id='word_1_13' title='bbox 0 2472 209 2640; x_wconf 95' lang='lat' dir='ltr'><strong>   </strong></span> 
     </span>
     <span class='ocr_line' id='line_1_12' title="bbox 0 2640 246 2952; baseline 0 -133"><span class='ocrx_word' id='word_1_14' title='bbox 0 2640 246 2952; x_wconf 95' lang='lat' dir='ltr'><strong>    </strong></span> 
     </span>
     <span class='ocr_line' id='line_1_13' title="bbox 0 2973 246 3181; baseline 0 -95"><span class='ocrx_word' id='word_1_15' title='bbox 0 2973 246 3181; x_wconf 95' lang='lat' dir='ltr'><strong>  </strong></span> 
     </span>
     <span class='ocr_line' id='line_1_14' title="bbox 0 3181 246 3387; baseline 0 -93"><span class='ocrx_word' id='word_1_16' title='bbox 0 3181 246 3387; x_wconf 95' lang='lat' dir='ltr'><strong>   </strong></span> 
     </span>
     <span class='ocr_line' id='line_1_15' title="bbox 0 3504 246 3728; baseline 0 -66"><span class='ocrx_word' id='word_1_17' title='bbox 0 3504 246 3728; x_wconf 95' lang='lat' dir='ltr'><strong>   </strong></span> 
     </span>
    </p>
   </div>
   <div class='ocr_carea' id='block_1_3' title="bbox 5 498 2077 2655">
    <p class='ocr_par' dir='ltr' id='par_1_3' title="bbox 59 498 2035 1237">
     <span class='ocr_line' id='line_1_16' title="bbox 70 498 2030 574; baseline 0.004 -24"><span class='ocrx_word' id='word_1_18' title='bbox 70 547 91 570; x_wconf 64' lang='lat'><strong>,-</strong></span> <span class='ocrx_word' id='word_1_19' title='bbox 152 498 284 554; x_wconf 70' lang='lat' dir='ltr'><strong>feeit</strong></span> <span class='ocrx_word' id='word_1_20' title='bbox 320 510 386 551; x_wconf 90' lang='lat' dir='ltr'><strong>ut</strong></span> <span class='ocrx_word' id='word_1_21' title='bbox 423 509 572 552; x_wconf 81' lang='lat' dir='ltr'><strong>certo</strong></span> <span class='ocrx_word' id='word_1_22' title='bbox 610 499 843 552; x_wconf 87' lang='lat' dir='ltr'><strong>termino</strong></span> <span class='ocrx_word' id='word_1_23' title='bbox 884 510 1016 554; x_wconf 89' lang='lat' dir='ltr'><strong>tunc</strong></span> <span class='ocrx_word' id='word_1_24' title='bbox 1053 520 1305 569; x_wconf 86' lang='lat' dir='ltr'><strong>expresso</strong></span> <span class='ocrx_word' id='word_1_25' title='bbox 1347 522 1528 558; x_wconf 90' lang='lat' dir='ltr'><strong>coram</strong></span> <span class='ocrx_word' id='word_1_26' title='bbox 1565 523 1628 556; x_wconf 92' lang='lat' dir='ltr'><strong>eo</strong></span> <span class='ocrx_word' id='word_1_27' title='bbox 1670 517 2030 574; x_wconf 82' lang='lat' dir='ltr'><strong>compareret3</strong></span> 
     </span>
     <span class='ocr_line' id='line_1_17' title="bbox 59 581 2032 650; baseline 0.003 -16"><span class='ocrx_word' id='word_1_28' title='bbox 59 593 71 600; x_wconf 56' lang='lat'><strong>⁴·</strong></span> <span class='ocrx_word' id='word_1_29' title='bbox 135 582 296 650; x_wconf 69' lang='lat' dir='ltr'><strong>quod</strong></span> <span class='ocrx_word' id='word_1_30' title='bbox 328 581 459 635; x_wconf 83' lang='lat' dir='ltr'><strong>licet</strong></span> <span class='ocrx_word' id='word_1_31' title='bbox 490 582 637 634; x_wconf 88' lang='lat' dir='ltr'><strong>idem</strong></span> <span class='ocrx_word' id='word_1_32' title='bbox 673 583 951 636; x_wconf 89' lang='lat' dir='ltr'><strong>Johannes</strong></span> <span class='ocrx_word' id='word_1_33' title='bbox 987 584 1042 636; x_wconf 87' lang='lat' dir='ltr'><strong>in</strong></span> <span class='ocrx_word' id='word_1_34' title='bbox 1076 584 1224 637; x_wconf 90' lang='lat' dir='ltr'><strong>dicto</strong></span> <span class='ocrx_word' id='word_1_35' title='bbox 1254 587 1485 639; x_wconf 89' lang='lat' dir='ltr'><strong>termino</strong></span> <span class='ocrx_word' id='word_1_36' title='bbox 1505 606 1718 643; x_wconf 88' lang='lat' dir='ltr'><strong>causam</strong></span> <span class='ocrx_word' id='word_1_37' title='bbox 1735 589 2032 644; x_wconf 87' lang='lat' dir='ltr'><strong>rationabi-</strong></span> 
     </span>
     <span class='ocr_line' id='line_1_18' title="bbox 128 666 2033 736; baseline 0.001 -18"><span class='ocrx_word' id='word_1_38' title='bbox 128 692 151 710; x_wconf 73' lang='grc' dir='ltr'><strong>«ι</strong></span> <span class='ocrx_word' id='word_1_39' title='bbox 201 666 489 732; x_wconf 73' lang='lat' dir='ltr'><strong>allegasset</strong></span> <span class='ocrx_word' id='word_1_40' title='bbox 524 675 748 733; x_wconf 85' lang='lat' dir='ltr'><strong>propter</strong></span> <span class='ocrx_word' id='word_1_41' title='bbox 785 684 951 733; x_wconf 90' lang='lat' dir='ltr'><strong>quam</strong></span> <span class='ocrx_word' id='word_1_42' title='bbox 990 667 1234 734; x_wconf 80' lang='lat' dir='ltr'><strong>prefatus</strong></span> <span class='ocrx_word' id='word_1_43' title='bbox 1274 669 1580 736; x_wconf 79' lang='lat' dir='ltr'><strong>Stephanus</strong></span> <span class='ocrx_word' id='word_1_44' title='bbox 1618 673 1685 724; x_wconf 88' lang='lat' dir='ltr'><strong>de</strong></span> <span class='ocrx_word' id='word_1_45' title='bbox 1723 671 2033 724; x_wconf 86' lang='lat' dir='ltr'><strong>huiusmodi</strong></span> 
     </span>
     <span class='ocr_line' id='line_1_19' title="bbox 70 746 2032 822; baseline 0.002 -22.126"><span class='ocrx_word' id='word_1_46' title='bbox 70 746 278 816; x_wconf 70' lang='lat' dir='ltr'><strong>gotio</strong></span> <span class='ocrx_word' id='word_1_47' title='bbox 305 766 362 801; x_wconf 87' lang='lat' dir='ltr'><strong>se</strong></span> <span class='ocrx_word' id='word_1_48' title='bbox 388 747 756 802; x_wconf 78' lang='lat' dir='ltr'><strong>intromittere</strong></span> <span class='ocrx_word' id='word_1_49' title='bbox 784 767 894 801; x_wconf 91' lang='lat' dir='ltr'><strong>non</strong></span> <span class='ocrx_word' id='word_1_50' title='bbox 924 762 1141 817; x_wconf 90' lang='lat' dir='ltr'><strong>poterat</strong></span> <span class='ocrx_word' id='word_1_51' title='bbox 1169 770 1342 819; x_wconf 89' lang='lat' dir='ltr'><strong>neque</strong></span> <span class='ocrx_word' id='word_1_52' title='bbox 1371 752 1624 816; x_wconf 89' lang='lat' dir='ltr'><strong>debebat,</strong></span> <span class='ocrx_word' id='word_1_53' title='bbox 1656 766 1840 807; x_wconf 88' lang='lat' dir='ltr'><strong>tamen</strong></span> <span class='ocrx_word' id='word_1_54' title='bbox 1869 755 2032 822; x_wconf 86' lang='lat' dir='ltr'><strong>ydem</strong></span> 
     </span>
     <span class='ocr_line' id='line_1_20' title="bbox 78 830 2029 900; baseline 0.001 -14.01"><span class='ocrx_word' id='word_1_55' title='bbox 78 831 372 900; x_wconf 73' lang='lat' dir='ltr'><strong>tephanus</strong></span> <span class='ocrx_word' id='word_1_56' title='bbox 405 830 617 884; x_wconf 85' lang='lat' dir='ltr'><strong>dictum</strong></span> <span class='ocrx_word' id='word_1_57' title='bbox 645 831 954 885; x_wconf 66' lang='lat' dir='ltr'><strong>,Iohannem</strong></span> <span class='ocrx_word' id='word_1_58' title='bbox 981 851 1142 900; x_wconf 91' lang='lat' dir='ltr'><strong>super</strong></span> <span class='ocrx_word' id='word_1_59' title='bbox 1171 835 1273 886; x_wconf 90' lang='lat' dir='ltr'><strong>hoc</strong></span> <span class='ocrx_word' id='word_1_60' title='bbox 1305 846 1492 888; x_wconf 86' lang='lat' dir='ltr'><strong>contra</strong></span> <span class='ocrx_word' id='word_1_61' title='bbox 1520 836 1789 889; x_wconf 89' lang='lat' dir='ltr'><strong>iusticiam</strong></span> <span class='ocrx_word' id='word_1_62' title='bbox 1844 837 2029 891; x_wconf 84' lang='lat' dir='ltr'><strong>audire</strong></span> 
     </span>
     <span class='ocr_line' id='line_1_21' title="bbox 71 915 2033 983; baseline 0.003 -15"><span class='ocrx_word' id='word_1_63' title='bbox 71 952 89 981; x_wconf 53' lang='lat'><strong>„2</strong></span> <span class='ocrx_word' id='word_1_64' title='bbox 133 933 310 968; x_wconf 81' lang='lat' dir='ltr'><strong>usans</strong></span> <span class='ocrx_word' id='word_1_65' title='bbox 354 915 535 983; x_wconf 89' lang='lat' dir='ltr'><strong>ipsum</strong></span> <span class='ocrx_word' id='word_1_66' title='bbox 578 917 931 983; x_wconf 88' lang='lat' dir='ltr'><strong>postmodum</strong></span> <span class='ocrx_word' id='word_1_67' title='bbox 976 917 1133 971; x_wconf 88' lang='lat' dir='ltr'><strong>citari</strong></span> <span class='ocrx_word' id='word_1_68' title='bbox 1179 919 1463 974; x_wconf 89' lang='lat' dir='ltr'><strong>mandavit</strong></span> <span class='ocrx_word' id='word_1_69' title='bbox 1502 931 1561 970; x_wconf 89' lang='lat' dir='ltr'><strong>et</strong></span> <span class='ocrx_word' id='word_1_70' title='bbox 1604 920 1734 971; x_wconf 80' lang='lat' dir='ltr'><strong>fecit</strong></span> <span class='ocrx_word' id='word_1_71' title='bbox 1775 932 1839 972; x_wconf 89' lang='lat' dir='ltr'><strong>ut</strong></span> <span class='ocrx_word' id='word_1_72' title='bbox 1862 922 2033 975; x_wconf 88' lang='lat' dir='ltr'><strong>etiam</strong></span> 
     </span>
     <span class='ocr_line' id='line_1_22' title="bbox 65 990 2033 1071; baseline 0.004 -22"><span class='ocrx_word' id='word_1_73' title='bbox 65 990 100 1066; x_wconf 44' lang='grc' dir='ltr'><strong>ζ,</strong></span> <span class='ocrx_word' id='word_1_74' title='bbox 167 1016 245 1050; x_wconf 87' lang='lat' dir='ltr'><strong>m</strong></span> <span class='ocrx_word' id='word_1_75' title='bbox 276 1015 341 1052; x_wconf 90' lang='lat' dir='ltr'><strong>eo</strong></span> <span class='ocrx_word' id='word_1_76' title='bbox 362 1009 715 1071; x_wconf 84' lang='lat' dir='ltr'><strong>compareret</strong></span> <span class='ocrx_word' id='word_1_77' title='bbox 750 1010 899 1052; x_wconf 86' lang='lat' dir='ltr'><strong>certo</strong></span> <span class='ocrx_word' id='word_1_78' title='bbox 935 1000 1167 1053; x_wconf 85' lang='lat' dir='ltr'><strong>termino</strong></span> <span class='ocrx_word' id='word_1_79' title='bbox 1203 1012 1335 1054; x_wconf 89' lang='lat' dir='ltr'><strong>tunc</strong></span> <span class='ocrx_word' id='word_1_80' title='bbox 1370 1020 1639 1069; x_wconf 86' lang='lat' dir='ltr'><strong>expresso,</strong></span> <span class='ocrx_word' id='word_1_81' title='bbox 1676 1003 1731 1055; x_wconf 89' lang='lat' dir='ltr'><strong>in</strong></span> <span class='ocrx_word' id='word_1_82' title='bbox 1767 1021 1873 1070; x_wconf 89' lang='lat' dir='ltr'><strong>quo</strong></span> <span class='ocrx_word' id='word_1_83' title='bbox 1910 1023 2033 1056; x_wconf 91' lang='lat' dir='ltr'><strong>cum</strong></span> 
     </span>
     <span class='ocr_line' id='line_1_23' title="bbox 158 1081 2035 1179; baseline 0.002 -44"><span class='ocrx_word' id='word_1_84' title='bbox 158 1120 164 1127; x_wconf 80' lang='lat'><em>-</em></span> <span class='ocrx_word' id='word_1_85' title='bbox 223 1081 501 1137; x_wconf 85' lang='lat' dir='ltr'><strong>Johannes</strong></span> <span class='ocrx_word' id='word_1_86' title='bbox 551 1101 662 1137; x_wconf 92' lang='lat' dir='ltr'><strong>non</strong></span> <span class='ocrx_word' id='word_1_87' title='bbox 711 1084 1120 1151; x_wconf 81' lang='lat' dir='ltr'><strong>comparuisset,</strong></span> <span class='ocrx_word' id='word_1_88' title='bbox 1172 1085 1413 1179; x_wconf 80' lang='lat' dir='ltr'><strong>prefatus</strong></span> <span class='ocrx_word' id='word_1_89' title='bbox 1465 1087 1771 1154; x_wconf 87' lang='lat' dir='ltr'><strong>Stephanus</strong></span> <span class='ocrx_word' id='word_1_90' title='bbox 1801 1091 2035 1142; x_wconf 91' lang='lat' dir='ltr'><strong>eundem</strong></span> 
     </span>
     <span class='ocr_line' id='line_1_24' title="bbox 75 1162 2031 1294; baseline 0.003 -74.068"><span class='ocrx_word' id='word_1_91' title='bbox 75 1162 373 1294; x_wconf 74' lang='lat' dir='ltr'><strong>ohannem</strong></span> <span class='ocrx_word' id='word_1_92' title='bbox 426 1177 690 1234; x_wconf 89' lang='lat' dir='ltr'><strong>reputans</strong></span> <span class='ocrx_word' id='word_1_93' title='bbox 760 1178 1142 1221; x_wconf 84' lang='lat' dir='ltr'><strong>contumacem</strong></span> <span class='ocrx_word' id='word_1_94' title='bbox 1184 1167 1240 1223; x_wconf 93' lang='lat' dir='ltr'><strong>in</strong></span> <span class='ocrx_word' id='word_1_95' title='bbox 1294 1188 1418 1221; x_wconf 92' lang='lat' dir='ltr'><strong>eum</strong></span> <span class='ocrx_word' id='word_1_96' title='bbox 1488 1182 1708 1237; x_wconf 90' lang='lat' dir='ltr'><strong>propter</strong></span> <span class='ocrx_word' id='word_1_97' title='bbox 1752 1183 2031 1225; x_wconf 88' lang='lat' dir='ltr'><strong>contuma-</strong></span> 
     </span>
    </p>

    <p class='ocr_par' dir='ltr' id='par_1_4' title="bbox 75 1244 2077 1402">
     <span class='ocr_line' id='line_1_25' title="bbox 75 1244 2077 1321; baseline 0.003 -20.061"><span class='ocrx_word' id='word_1_98' title='bbox 75 1244 113 1264; x_wconf 78' lang='grc'>’</span> <span class='ocrx_word' id='word_1_99' title='bbox 228 1249 579 1304; x_wconf 85' lang='lat' dir='ltr'><strong>huiusmodi</strong></span> <span class='ocrx_word' id='word_1_100' title='bbox 639 1251 1220 1306; x_wconf 84' lang='lat' dir='ltr'><strong>excommunicationis</strong></span> <span class='ocrx_word' id='word_1_101' title='bbox 1284 1253 1614 1306; x_wconf 87' lang='lat' dir='ltr'><strong>sententiam</strong></span> <span class='ocrx_word' id='word_1_102' title='bbox 1647 1255 2032 1321; x_wconf 87' lang='lat' dir='ltr'><strong>promulgavit,</strong></span> <span class='ocrx_word' id='word_1_103' title='bbox 2070 1268 2077 1272; x_wconf 81' lang='grc'><em>·</em></span> 
     </span>
     <span class='ocr_line' id='line_1_26' title="bbox 79 1334 2032 1402; baseline 0.002 -17"><span class='ocrx_word' id='word_1_104' title='bbox 79 1400 81 1402; x_wconf 12' lang='lat'>³</span> <span class='ocrx_word' id='word_1_105' title='bbox 147 1350 348 1401; x_wconf 84' lang='lat' dir='ltr'><strong>umque</strong></span> <span class='ocrx_word' id='word_1_106' title='bbox 374 1335 662 1388; x_wconf 84' lang='lat' dir='ltr'><strong>mandavit</strong></span> <span class='ocrx_word' id='word_1_107' title='bbox 683 1344 742 1384; x_wconf 90' lang='lat' dir='ltr'><strong>et</strong></span> <span class='ocrx_word' id='word_1_108' title='bbox 779 1334 909 1387; x_wconf 81' lang='lat' dir='ltr'><strong>fecit</strong></span> <span class='ocrx_word' id='word_1_109' title='bbox 945 1335 1483 1390; x_wconf 86' lang='lat' dir='ltr'><strong>excommunicatum</strong></span> <span class='ocrx_word' id='word_1_110' title='bbox 1520 1337 1733 1402; x_wconf 91' lang='lat' dir='ltr'><strong>publice</strong></span> <span class='ocrx_word' id='word_1_111' title='bbox 1770 1338 2032 1394; x_wconf 73' lang='lat' dir='ltr'><strong>nunciati.</strong></span> 
     </span>
    </p>

    <p class='ocr_par' dir='ltr' id='par_1_5' title="bbox 5 1418 2043 2655">
     <span class='ocr_line' id='line_1_27' title="bbox 99 1418 2034 1485; baseline 0.003 -18"><span class='ocrx_word' id='word_1_112' title='bbox 99 1463 102 1467; x_wconf 88' lang='lat'>.</span> <span class='ocrx_word' id='word_1_113' title='bbox 150 1426 294 1485; x_wconf 83' lang='lat' dir='ltr'><strong>pter</strong></span> <span class='ocrx_word' id='word_1_114' title='bbox 321 1435 427 1484; x_wconf 85' lang='lat' dir='ltr'><strong>que</strong></span> <span class='ocrx_word' id='word_1_115' title='bbox 454 1435 551 1485; x_wconf 91' lang='lat' dir='ltr'><strong>pro</strong></span> <span class='ocrx_word' id='word_1_116' title='bbox 582 1427 740 1485; x_wconf 89' lang='lat' dir='ltr'><strong>parte</strong></span> <span class='ocrx_word' id='word_1_117' title='bbox 775 1418 910 1469; x_wconf 82' lang='lat' dir='ltr'><strong>dicti</strong></span> <span class='ocrx_word' id='word_1_118' title='bbox 942 1418 1226 1482; x_wconf 87' lang='lat' dir='ltr'><strong>Johannis,</strong></span> <span class='ocrx_word' id='word_1_119' title='bbox 1257 1418 1539 1470; x_wconf 87' lang='lat' dir='ltr'><strong>sentientis</strong></span> <span class='ocrx_word' id='word_1_120' title='bbox 1572 1419 1765 1472; x_wconf 82' lang='lat' dir='ltr'><strong>exinde</strong></span> <span class='ocrx_word' id='word_1_121' title='bbox 1794 1420 2034 1473; x_wconf 89' lang='lat' dir='ltr'><strong>indebite</strong></span> 
     </span>
     <span class='ocr_line' id='line_1_28' title="bbox 106 1499 2036 1568; baseline 0.002 -17"><span class='ocrx_word' id='word_1_122' title='bbox 106 1540 108 1543; x_wconf 43' lang='lat'>&lt;</span> <span class='ocrx_word' id='word_1_123' title='bbox 161 1501 392 1568; x_wconf 75' lang='lat' dir='ltr'><strong>gravari,</strong></span> <span class='ocrx_word' id='word_1_124' title='bbox 438 1500 546 1553; x_wconf 79' lang='lat' dir='ltr'><strong>fuit</strong></span> <span class='ocrx_word' id='word_1_125' title='bbox 589 1501 657 1553; x_wconf 91' lang='lat' dir='ltr'><strong>ad</strong></span> <span class='ocrx_word' id='word_1_126' title='bbox 703 1499 898 1554; x_wconf 87' lang='lat' dir='ltr'><strong>Sedem</strong></span> <span class='ocrx_word' id='word_1_127' title='bbox 941 1502 1300 1568; x_wconf 86' lang='lat' dir='ltr'><strong>apostolicam</strong></span> <span class='ocrx_word' id='word_1_128' title='bbox 1343 1504 1680 1568; x_wconf 89' lang='lat' dir='ltr'><strong>appellatum</strong></span> <span class='ocrx_word' id='word_1_129' title='bbox 1722 1521 1785 1555; x_wconf 93' lang='lat' dir='ltr'><strong>ac</strong></span> <span class='ocrx_word' id='word_1_130' title='bbox 1841 1503 2036 1556; x_wconf 90' lang='lat' dir='ltr'><strong>deinde</strong></span> 
     </span>
     <span class='ocr_line' id='line_1_29' title="bbox 95 1581 2035 1653; baseline 0 -16"><span class='ocrx_word' id='word_1_131' title='bbox 95 1581 216 1653; x_wconf 38' lang='grc' dir='ltr'><strong>,Βία</strong></span> <span class='ocrx_word' id='word_1_132' title='bbox 251 1581 528 1636; x_wconf 86' lang='lat' dir='ltr'><strong>humiliter</strong></span> <span class='ocrx_word' id='word_1_133' title='bbox 561 1584 934 1653; x_wconf 87' lang='lat' dir='ltr'><strong>supplicatum</strong></span> <span class='ocrx_word' id='word_1_134' title='bbox 967 1597 1029 1636; x_wconf 91' lang='lat' dir='ltr'><strong>ut</strong></span> <span class='ocrx_word' id='word_1_135' title='bbox 1064 1584 1346 1651; x_wconf 88' lang='lat' dir='ltr'><strong>providere</strong></span> <span class='ocrx_word' id='word_1_136' title='bbox 1381 1585 1429 1636; x_wconf 90' lang='lat' dir='ltr'><strong>ei</strong></span> <span class='ocrx_word' id='word_1_137' title='bbox 1462 1604 1621 1651; x_wconf 89' lang='lat' dir='ltr'><strong>super</strong></span> <span class='ocrx_word' id='word_1_138' title='bbox 1655 1587 1755 1637; x_wconf 89' lang='lat' dir='ltr'><strong>hoc</strong></span> <span class='ocrx_word' id='word_1_139' title='bbox 1788 1587 1853 1637; x_wconf 91' lang='lat' dir='ltr'><strong>de</strong></span> <span class='ocrx_word' id='word_1_140' title='bbox 1889 1585 2035 1637; x_wconf 90' lang='lat' dir='ltr'><strong>beni·</strong></span> 
     </span>
     <span class='ocr_line' id='line_1_30' title="bbox 97 1666 2035 1736; baseline 0.003 -18"><span class='ocrx_word' id='word_1_141' title='bbox 97 1696 101 1703; x_wconf 44' lang='grc' dir='ltr'><strong>ι</strong></span> <span class='ocrx_word' id='word_1_142' title='bbox 138 1666 272 1723; x_wconf 80' lang='lat' dir='ltr'><strong>‘tate</strong></span> <span class='ocrx_word' id='word_1_143' title='bbox 312 1667 613 1735; x_wconf 84' lang='lat' dir='ltr'><strong>apostolica</strong></span> <span class='ocrx_word' id='word_1_144' title='bbox 654 1668 1019 1735; x_wconf 83' lang='lat' dir='ltr'><strong>dignaremur.</strong></span> <span class='ocrx_word' id='word_1_145' title='bbox 1067 1669 1174 1720; x_wconf 88' lang='lat' dir='ltr'><strong>Nos</strong></span> <span class='ocrx_word' id='word_1_146' title='bbox 1216 1669 1380 1735; x_wconf 80' lang='lat' dir='ltr'><strong>igitur</strong></span> <span class='ocrx_word' id='word_1_147' title='bbox 1422 1668 1729 1721; x_wconf 87' lang='lat' dir='ltr'><strong>huiusmodi</strong></span> <span class='ocrx_word' id='word_1_148' title='bbox 1768 1670 2035 1736; x_wconf 89' lang='lat' dir='ltr'><strong>supplica·</strong></span> 
     </span>
     <span class='ocr_line' id='line_1_31' title="bbox 163 1750 2036 1818; baseline 0.001 -16"><span class='ocrx_word' id='word_1_149' title='bbox 163 1750 304 1803; x_wconf 80' lang='lat' dir='ltr'><strong>‘bus</strong></span> <span class='ocrx_word' id='word_1_150' title='bbox 344 1751 594 1805; x_wconf 88' lang='lat' dir='ltr'><strong>inclinati</strong></span> <span class='ocrx_word' id='word_1_151' title='bbox 631 1751 946 1804; x_wconf 85' lang='lat' dir='ltr'><strong>discretioni</strong></span> <span class='ocrx_word' id='word_1_152' title='bbox 986 1763 1079 1803; x_wconf 87' lang='lat' dir='ltr'><strong>tue</strong></span> <span class='ocrx_word' id='word_1_153' title='bbox 1122 1771 1215 1818; x_wconf 88' lang='lat' dir='ltr'><strong>per</strong></span> <span class='ocrx_word' id='word_1_154' title='bbox 1256 1752 1551 1818; x_wconf 88' lang='lat' dir='ltr'><strong>apostolica</strong></span> <span class='ocrx_word' id='word_1_155' title='bbox 1594 1752 1792 1818; x_wconf 85' lang='lat' dir='ltr'><strong>scripta</strong></span> <span class='ocrx_word' id='word_1_156' title='bbox 1814 1754 2036 1804; x_wconf 86' lang='lat' dir='ltr'><strong>manda-</strong></span> 
     </span>
     <span class='ocr_line' id='line_1_32' title="bbox 115 1834 2037 1907; baseline -0.003 -17"><span class='ocrx_word' id='word_1_157' title='bbox 115 1873 141 1907; x_wconf 59' lang='lat'>3</span> <span class='ocrx_word' id='word_1_158' title='bbox 208 1834 713 1902; x_wconf 78' lang='lat' dir='ltr'><strong>quatinus‚vocatis</strong></span> <span class='ocrx_word' id='word_1_159' title='bbox 752 1835 901 1887; x_wconf 90' lang='lat' dir='ltr'><strong>dicto</strong></span> <span class='ocrx_word' id='word_1_160' title='bbox 939 1834 1260 1901; x_wconf 86' lang='lat' dir='ltr'><strong>inquisitore</strong></span> <span class='ocrx_word' id='word_1_161' title='bbox 1297 1845 1354 1885; x_wconf 90' lang='lat' dir='ltr'><strong>et</strong></span> <span class='ocrx_word' id='word_1_162' title='bbox 1392 1835 1505 1886; x_wconf 91' lang='lat' dir='ltr'><strong>aliis</strong></span> <span class='ocrx_word' id='word_1_163' title='bbox 1546 1836 1638 1901; x_wconf 89' lang='lat' dir='ltr'><strong>qui</strong></span> <span class='ocrx_word' id='word_1_164' title='bbox 1675 1835 1875 1889; x_wconf 81' lang='lat' dir='ltr'><strong>fuerint</strong></span> <span class='ocrx_word' id='word_1_165' title='bbox 1913 1854 2037 1886; x_wconf 89' lang='lat' dir='ltr'><strong>evo-</strong></span> 
     </span>
     <span class='ocr_line' id='line_1_33' title="bbox 111 1916 2037 1985; baseline -0.001 -15"><span class='ocrx_word' id='word_1_166' title='bbox 111 1916 240 1982; x_wconf 33' lang='lat' dir='ltr'><strong>ldi,</strong></span> <span class='ocrx_word' id='word_1_167' title='bbox 274 1917 452 1971; x_wconf 89' lang='lat' dir='ltr'><strong>eidem</strong></span> <span class='ocrx_word' id='word_1_168' title='bbox 485 1919 727 1971; x_wconf 64' lang='lat' dir='ltr'><strong>,Iohanni</strong></span> <span class='ocrx_word' id='word_1_169' title='bbox 760 1917 805 1970; x_wconf 88' lang='lat' dir='ltr'><strong>si</strong></span> <span class='ocrx_word' id='word_1_170' title='bbox 838 1919 940 1970; x_wconf 92' lang='lat' dir='ltr'><strong>hoc</strong></span> <span class='ocrx_word' id='word_1_171' title='bbox 975 1918 1251 1969; x_wconf 91' lang='lat' dir='ltr'><strong>humiliter</strong></span> <span class='ocrx_word' id='word_1_172' title='bbox 1286 1918 1520 1984; x_wconf 89' lang='lat' dir='ltr'><strong>petierit,</strong></span> <span class='ocrx_word' id='word_1_173' title='bbox 1554 1929 1769 1984; x_wconf 80' lang='lat' dir='ltr'><strong>recepta</strong></span> <span class='ocrx_word' id='word_1_174' title='bbox 1788 1918 1934 1985; x_wconf 87' lang='lat' dir='ltr'><strong>prius</strong></span> <span class='ocrx_word' id='word_1_175' title='bbox 1967 1921 2037 1971; x_wconf 91' lang='lat' dir='ltr'><strong>ab</strong></span> 
     </span>
     <span class='ocr_line' id='line_1_34' title="bbox 139 1999 2037 2068; baseline 0 -14"><span class='ocrx_word' id='word_1_176' title='bbox 139 1999 414 2054; x_wconf 76' lang='lat' dir='ltr'><strong>&#39;cautione</strong></span> <span class='ocrx_word' id='word_1_177' title='bbox 448 2000 661 2068; x_wconf 88' lang='lat' dir='ltr'><strong>ydonea</strong></span> <span class='ocrx_word' id='word_1_178' title='bbox 697 2019 952 2068; x_wconf 13' lang='lat' dir='ltr'><strong>super-eo</strong></span> <span class='ocrx_word' id='word_1_179' title='bbox 988 2019 1084 2068; x_wconf 87' lang='lat' dir='ltr'><strong>pro</strong></span> <span class='ocrx_word' id='word_1_180' title='bbox 1121 2019 1229 2067; x_wconf 91' lang='lat' dir='ltr'><strong>quo</strong></span> <span class='ocrx_word' id='word_1_181' title='bbox 1263 2000 1571 2053; x_wconf 89' lang='lat' dir='ltr'><strong>huiusmodi</strong></span> <span class='ocrx_word' id='word_1_182' title='bbox 1605 2001 2037 2053; x_wconf 89' lang='lat' dir='ltr'><strong>excommunica-</strong></span> 
     </span>
     <span class='ocr_line' id='line_1_35' title="bbox 5 2082 2042 2151; baseline 0 -15"><span class='ocrx_word' id='word_1_183' title='bbox 5 2082 200 2115; x_wconf 41' lang='grc'><em>“</em></span> <span class='ocrx_word' id='word_1_184' title='bbox 264 2084 538 2138; x_wconf 86' lang='lat' dir='ltr'><strong>sententia</strong></span> <span class='ocrx_word' id='word_1_185' title='bbox 576 2085 634 2137; x_wconf 91' lang='lat' dir='ltr'><strong>in</strong></span> <span class='ocrx_word' id='word_1_186' title='bbox 671 2104 798 2136; x_wconf 90' lang='lat' dir='ltr'><strong>eum</strong></span> <span class='ocrx_word' id='word_1_187' title='bbox 834 2085 1024 2136; x_wconf 88' lang='lat' dir='ltr'><strong>extitit</strong></span> <span class='ocrx_word' id='word_1_188' title='bbox 1064 2086 1424 2151; x_wconf 85' lang='lat' dir='ltr'><strong>promulgata,</strong></span> <span class='ocrx_word' id='word_1_189' title='bbox 1467 2086 1610 2149; x_wconf 88' lang='lat' dir='ltr'><strong>quod</strong></span> <span class='ocrx_word' id='word_1_190' title='bbox 1640 2084 1686 2135; x_wconf 88' lang='lat' dir='ltr'><strong>si</strong></span> <span class='ocrx_word' id='word_1_191' title='bbox 1714 2085 2042 2136; x_wconf 86' lang='lat' dir='ltr'><strong>sententiam</strong></span> 
     </span>
     <span class='ocr_line' id='line_1_36' title="bbox 10 2168 2039 2232; baseline -0.001 -12"><span class='ocrx_word' id='word_1_192' title='bbox 10 2172 28 2230; x_wconf 62' lang='grc' dir='ltr'>ἰ</span> <span class='ocrx_word' id='word_1_193' title='bbox 112 2179 122 2230; x_wconf 65' lang='lat' dir='ltr'><em>j</em></span> <span class='ocrx_word' id='word_1_194' title='bbox 187 2184 242 2219; x_wconf 87' lang='lat' dir='ltr'><strong>m</strong></span> <span class='ocrx_word' id='word_1_195' title='bbox 281 2168 387 2220; x_wconf 84' lang='lat' dir='ltr'><strong>tibi</strong></span> <span class='ocrx_word' id='word_1_196' title='bbox 429 2169 737 2223; x_wconf 88' lang='lat' dir='ltr'><strong>constiterit</strong></span> <span class='ocrx_word' id='word_1_197' title='bbox 782 2169 922 2220; x_wconf 89' lang='lat' dir='ltr'><strong>iuste</strong></span> <span class='ocrx_word' id='word_1_198' title='bbox 976 2170 1168 2232; x_wconf 89' lang='lat' dir='ltr'><strong>latam,</strong></span> <span class='ocrx_word' id='word_1_199' title='bbox 1227 2168 1337 2219; x_wconf 88' lang='lat' dir='ltr'><strong>tuis</strong></span> <span class='ocrx_word' id='word_1_200' title='bbox 1393 2178 1449 2219; x_wconf 89' lang='lat' dir='ltr'><strong>et</strong></span> <span class='ocrx_word' id='word_1_201' title='bbox 1492 2168 1710 2218; x_wconf 89' lang='lat' dir='ltr'><strong>ecclesie</strong></span> <span class='ocrx_word' id='word_1_202' title='bbox 1769 2169 2039 2222; x_wconf 86' lang='lat' dir='ltr'><strong>mandatis</strong></span> 
     </span>
     <span class='ocr_line' id='line_1_37' title="bbox 16 2249 2040 2317; baseline 0 -13"><span class='ocrx_word' id='word_1_203' title='bbox 16 2256 24 2270; x_wconf 76' lang='lat'><strong><em>⁴</em></strong></span> <span class='ocrx_word' id='word_1_204' title='bbox 180 2249 296 2317; x_wconf 81' lang='lat' dir='ltr'><strong>bit,</strong></span> <span class='ocrx_word' id='word_1_205' title='bbox 324 2250 478 2306; x_wconf 84' lang='lat' dir='ltr'><strong>iuxta</strong></span> <span class='ocrx_word' id='word_1_206' title='bbox 508 2253 742 2304; x_wconf 73' lang='lat' dir='ltr'><strong>formam</strong></span> <span class='ocrx_word' id='word_1_207' title='bbox 769 2253 988 2304; x_wconf 86' lang='lat' dir='ltr'><strong>ecclesie</strong></span> <span class='ocrx_word' id='word_1_208' title='bbox 1019 2251 1344 2304; x_wconf 81' lang='lat' dir='ltr'><strong>beneficium</strong></span> <span class='ocrx_word' id='word_1_209' title='bbox 1370 2251 1725 2302; x_wconf 89' lang='lat' dir='ltr'><strong>absolutionis</strong></span> <span class='ocrx_word' id='word_1_210' title='bbox 1742 2250 2040 2317; x_wconf 80' lang='lat' dir='ltr'><strong>impendas·</strong></span> 
     </span>
     <span class='ocr_line' id='line_1_38' title="bbox 133 2333 2041 2400; baseline -0.004 -10"><span class='ocrx_word' id='word_1_211' title='bbox 133 2335 168 2399; x_wconf 62' lang='lat'><strong>&#39;5-</strong></span> <span class='ocrx_word' id='word_1_212' title='bbox 196 2351 239 2387; x_wconf 85' lang='grc' dir='ltr'><strong>ι·</strong></span> <span class='ocrx_word' id='word_1_213' title='bbox 276 2334 394 2387; x_wconf 87' lang='lat' dir='ltr'><strong>aliis</strong></span> <span class='ocrx_word' id='word_1_214' title='bbox 434 2351 562 2388; x_wconf 88' lang='lat' dir='ltr'><strong>vero</strong></span> <span class='ocrx_word' id='word_1_215' title='bbox 603 2335 805 2388; x_wconf 88' lang='lat' dir='ltr'><strong>auditis</strong></span> <span class='ocrx_word' id='word_1_216' title='bbox 846 2336 970 2388; x_wconf 88' lang='lat' dir='ltr'><strong>hinc</strong></span> <span class='ocrx_word' id='word_1_217' title='bbox 1012 2333 1135 2387; x_wconf 90' lang='lat' dir='ltr'><strong>inde</strong></span> <span class='ocrx_word' id='word_1_218' title='bbox 1178 2333 1467 2400; x_wconf 87' lang='lat' dir='ltr'><strong>propositis</strong></span> <span class='ocrx_word' id='word_1_219' title='bbox 1524 2336 1666 2398; x_wconf 89' lang='lat' dir='ltr'><strong>quod</strong></span> <span class='ocrx_word' id='word_1_220' title='bbox 1723 2335 2041 2385; x_wconf 86' lang='lat' dir='ltr'><strong>canonicum</strong></span> 
     </span>
     <span class='ocr_line' id='line_1_39' title="bbox 141 2407 2042 2486; baseline -0.001 -16"><span class='ocrx_word' id='word_1_221' title='bbox 141 2407 236 2486; x_wconf 50' lang='lat' dir='ltr'><strong>‘ss&#39;t</strong></span> <span class='ocrx_word' id='word_1_222' title='bbox 284 2418 652 2486; x_wconf 87' lang='lat' dir='ltr'><strong>appellatione</strong></span> <span class='ocrx_word' id='word_1_223' title='bbox 707 2430 918 2476; x_wconf 85' lang='lat' dir='ltr'><strong>remota</strong></span> <span class='ocrx_word' id='word_1_224' title='bbox 976 2421 1253 2480; x_wconf 85' lang='lat' dir='ltr'><strong>decernas,</strong></span> <span class='ocrx_word' id='word_1_225' title='bbox 1309 2415 1511 2469; x_wconf 83' lang='lat' dir='ltr'><strong>faciens</strong></span> <span class='ocrx_word' id='word_1_226' title='bbox 1568 2418 1711 2482; x_wconf 91' lang='lat' dir='ltr'><strong>quod</strong></span> <span class='ocrx_word' id='word_1_227' title='bbox 1743 2417 2042 2468; x_wconf 87' lang='lat' dir='ltr'><strong>decreveris</strong></span> 
     </span>
     <span class='ocr_line' id='line_1_40' title="bbox 202 2499 2040 2557; baseline -0.003 -2.166"><span class='ocrx_word' id='word_1_228' title='bbox 202 2518 485 2555; x_wconf 74' lang='lat' dir='ltr'><strong>censuram</strong></span> <span class='ocrx_word' id='word_1_229' title='bbox 526 2503 953 2557; x_wconf 84' lang='lat' dir='ltr'><strong>ecclesiasticam</strong></span> <span class='ocrx_word' id='word_1_230' title='bbox 1000 2501 1228 2553; x_wconf 87' lang='lat' dir='ltr'><strong>firmiter</strong></span> <span class='ocrx_word' id='word_1_231' title='bbox 1270 2499 1562 2553; x_wconf 88' lang='lat' dir='ltr'><strong>observari.</strong></span> <span class='ocrx_word' id='word_1_232' title='bbox 1611 2500 1731 2551; x_wconf 92' lang='lat' dir='ltr'><strong>Non</strong></span> <span class='ocrx_word' id='word_1_233' title='bbox 1773 2500 2040 2552; x_wconf 87' lang='lat' dir='ltr'><strong>obstanti-</strong></span> 
     </span>
     <span class='ocr_line' id='line_1_41' title="bbox 136 2582 2043 2655; baseline -0.004 -17"><span class='ocrx_word' id='word_1_234' title='bbox 136 2591 138 2594; x_wconf 72' lang='grc'>’</span> <span class='ocrx_word' id='word_1_235' title='bbox 209 2582 361 2655; x_wconf 53' lang='lat' dir='ltr'><strong>[den]</strong></span> <span class='ocrx_word' id='word_1_236' title='bbox 401 2613 470 2623; x_wconf 92' lang='lat'><strong>—-</strong></span> <span class='ocrx_word' id='word_1_237' title='bbox 509 2587 718 2638; x_wconf 82' lang='lat' dir='ltr'><strong>Datum</strong></span> <span class='ocrx_word' id='word_1_238' title='bbox 757 2587 948 2649; x_wconf 89' lang='lat' dir='ltr'><strong>Saone,</strong></span> <span class='ocrx_word' id='word_1_239' title='bbox 992 2605 1090 2637; x_wconf 74' lang='lat' dir='ltr'><strong>xvi</strong></span> <span class='ocrx_word' id='word_1_240' title='bbox 1132 2585 1389 2636; x_wconf 87' lang='lat' dir='ltr'><strong>kalendas</strong></span> <span class='ocrx_word' id='word_1_241' title='bbox 1443 2582 1769 2644; x_wconf 88' lang='lat' dir='ltr'><strong>novembris,</strong></span> <span class='ocrx_word' id='word_1_242' title='bbox 1826 2582 2043 2647; x_wconf 85' lang='lat' dir='ltr'><strong>pontifi·</strong></span> 
     </span>
    </p>
   </div>
   <div class='ocr_carea' id='block_1_4' title="bbox 177 2669 1063 2736">
    <p class='ocr_par' dir='ltr' id='par_1_6' title="bbox 177 2669 1063 2736">
     <span class='ocr_line' id='line_1_42' title="bbox 177 2669 1063 2736; baseline 0.005 -15"><span class='ocrx_word' id='word_1_243' title='bbox 177 2684 222 2721; x_wconf 80' lang='grc' dir='ltr'><strong>ι</strong></span> <span class='ocrx_word' id='word_1_244' title='bbox 251 2669 424 2722; x_wconf 87' lang='lat' dir='ltr'><strong>nostri</strong></span> <span class='ocrx_word' id='word_1_245' title='bbox 456 2686 600 2722; x_wconf 85' lang='lat' dir='ltr'><strong>anno</strong></span> <span class='ocrx_word' id='word_1_246' title='bbox 633 2670 1063 2736; x_wconf 85' lang='lat' dir='ltr'><strong>quartodecimo.</strong></span> 
     </span>
    </p>
   </div>
   <div class='ocr_carea' id='block_1_5' title="bbox 134 2852 2050 3750">
    <p class='ocr_par' dir='ltr' id='par_1_7' title="bbox 134 2852 2050 3750">
     <span class='ocr_line' id='line_1_43' title="bbox 134 2852 2039 2927; baseline -0.001 -20"><span class='ocrx_word' id='word_1_247' title='bbox 134 2918 146 2927; x_wconf 72' lang='lat'>.</span> <span class='ocrx_word' id='word_1_248' title='bbox 201 2852 390 2908; x_wconf 64' lang='lat' dir='ltr'><strong>ssh&#39;enne</strong></span> <span class='ocrx_word' id='word_1_249' title='bbox 411 2864 469 2906; x_wconf 82' lang='lat' dir='ltr'><strong>de</strong></span> <span class='ocrx_word' id='word_1_250' title='bbox 490 2863 729 2918; x_wconf 66' lang='lat' dir='ltr'><strong>hecuba,</strong></span> <span class='ocrx_word' id='word_1_251' title='bbox 751 2863 986 2918; x_wconf 76' lang='lat' dir='ltr'><strong>originaire</strong></span> <span class='ocrx_word' id='word_1_252' title='bbox 1007 2865 1069 2907; x_wconf 86' lang='lat' dir='ltr'><strong>du</strong></span> <span class='ocrx_word' id='word_1_253' title='bbox 1093 2865 1376 2918; x_wconf 86' lang='lat' dir='ltr'><strong>Toulousain‚</strong></span> <span class='ocrx_word' id='word_1_254' title='bbox 1400 2867 1547 2919; x_wconf 77' lang='lat' dir='ltr'><strong>paralt</strong></span> <span class='ocrx_word' id='word_1_255' title='bbox 1562 2865 1687 2907; x_wconf 81' lang='lat' dir='ltr'><strong>avoir</strong></span> <span class='ocrx_word' id='word_1_256' title='bbox 1701 2864 1785 2907; x_wconf 79' lang='lat' dir='ltr'><strong>fait</strong></span> <span class='ocrx_word' id='word_1_257' title='bbox 1799 2878 1866 2907; x_wconf 88' lang='lat' dir='ltr'><strong>ses</strong></span> <span class='ocrx_word' id='word_1_258' title='bbox 1882 2864 2039 2906; x_wconf 74' lang='lat' dir='ltr'><strong>etudes</strong></span> 
     </span>
     <span class='ocr_line' id='line_1_44' title="bbox 249 2932 2040 2989; baseline -0.002 -13"><span class='ocrx_word' id='word_1_259' title='bbox 249 2932 412 2976; x_wconf 70' lang='lat' dir='ltr'><strong>l&#39;lnbit</strong></span> <span class='ocrx_word' id='word_1_260' title='bbox 425 2933 483 2976; x_wconf 82' lang='lat' dir='ltr'><strong>de</strong></span> <span class='ocrx_word' id='word_1_261' title='bbox 502 2932 924 2988; x_wconf 64' lang='lat' dir='ltr'><strong>stim-nominique</strong></span> <span class='ocrx_word' id='word_1_262' title='bbox 946 2948 1004 2975; x_wconf 87' lang='lat' dir='ltr'><strong>au</strong></span> <span class='ocrx_word' id='word_1_263' title='bbox 1020 2942 1216 2976; x_wconf 87' lang='lat' dir='ltr'><strong>couvent</strong></span> <span class='ocrx_word' id='word_1_264' title='bbox 1237 2936 1293 2976; x_wconf 88' lang='lat' dir='ltr'><strong>de</strong></span> <span class='ocrx_word' id='word_1_265' title='bbox 1315 2934 1508 2976; x_wconf 84' lang='lat' dir='ltr'><strong>Viterbe.</strong></span> <span class='ocrx_word' id='word_1_266' title='bbox 1536 2935 1573 2976; x_wconf 86' lang='lat'><strong>11</strong></span> <span class='ocrx_word' id='word_1_267' title='bbox 1595 2933 1882 2989; x_wconf 84' lang='lat' dir='ltr'><strong>appartenait</strong></span> <span class='ocrx_word' id='word_1_268' title='bbox 1902 2934 2040 2974; x_wconf 74' lang='lat' dir='ltr'><strong>nean-</strong></span> 
     </span>
     <span class='ocr_line' id='line_1_45' title="bbox 240 3001 2039 3058; baseline -0.002 -13"><span class='ocrx_word' id='word_1_269' title='bbox 240 3002 270 3046; x_wconf 68' lang='grc' dir='ltr'>δ</span> <span class='ocrx_word' id='word_1_270' title='bbox 292 3001 336 3045; x_wconf 76' lang='lat' dir='ltr'><strong>ln</strong></span> <span class='ocrx_word' id='word_1_271' title='bbox 360 3001 572 3058; x_wconf 73' lang='lat' dir='ltr'><strong>province</strong></span> <span class='ocrx_word' id='word_1_272' title='bbox 598 3003 892 3046; x_wconf 84' lang='lat' dir='ltr'><strong>toulousaine.</strong></span> <span class='ocrx_word' id='word_1_273' title='bbox 923 3003 961 3044; x_wconf 87' lang='lat'><strong>11</strong></span> <span class='ocrx_word' id='word_1_274' title='bbox 985 3003 1151 3056; x_wconf 78' lang='lat' dir='ltr'><strong>dirigea</strong></span> <span class='ocrx_word' id='word_1_275' title='bbox 1178 3004 1238 3045; x_wconf 81' lang='lat' dir='ltr'><strong>les</strong></span> <span class='ocrx_word' id='word_1_276' title='bbox 1264 3005 1419 3046; x_wconf 64' lang='lat' dir='ltr'><strong>&amp;tudes</strong></span> <span class='ocrx_word' id='word_1_277' title='bbox 1445 3006 1471 3044; x_wconf 78' lang='lat' dir='ltr'><strong>a</strong></span> <span class='ocrx_word' id='word_1_278' title='bbox 1497 3004 1730 3045; x_wconf 84' lang='lat' dir='ltr'><strong>Bordeaux</strong></span> <span class='ocrx_word' id='word_1_279' title='bbox 1756 3011 1803 3045; x_wconf 88' lang='lat' dir='ltr'><strong>et</strong></span> <span class='ocrx_word' id='word_1_280' title='bbox 1828 3016 1857 3056; x_wconf 86' lang='lat' dir='ltr'>y</span> <span class='ocrx_word' id='word_1_281' title='bbox 1881 3001 2039 3043; x_wconf 85' lang='lat' dir='ltr'><strong>devint</strong></span> 
     </span>
     <span class='ocr_line' id='line_1_46' title="bbox 254 3070 2037 3127; baseline -0.003 -10.268"><span class='ocrx_word' id='word_1_282' title='bbox 254 3085 312 3116; x_wconf 74' lang='lat' dir='ltr'><strong>an</strong></span> <span class='ocrx_word' id='word_1_283' title='bbox 333 3070 568 3126; x_wconf 73' lang='lat' dir='ltr'><strong>theologie.</strong></span> <span class='ocrx_word' id='word_1_284' title='bbox 595 3071 699 3115; x_wconf 70' lang='lat' dir='ltr'><strong>Puis</strong></span> <span class='ocrx_word' id='word_1_285' title='bbox 722 3072 754 3114; x_wconf 84' lang='lat' dir='ltr'><strong>il</strong></span> <span class='ocrx_word' id='word_1_286' title='bbox 778 3072 850 3114; x_wconf 73' lang='lat' dir='ltr'><strong>lut</strong></span> <span class='ocrx_word' id='word_1_287' title='bbox 873 3074 1039 3115; x_wconf 85' lang='lat' dir='ltr'><strong>durant</strong></span> <span class='ocrx_word' id='word_1_288' title='bbox 1062 3081 1162 3127; x_wconf 90' lang='lat' dir='ltr'><strong>sept</strong></span> <span class='ocrx_word' id='word_1_289' title='bbox 1186 3087 1265 3114; x_wconf 89' lang='lat' dir='ltr'><strong>ans</strong></span> <span class='ocrx_word' id='word_1_290' title='bbox 1291 3087 1527 3127; x_wconf 88' lang='lat' dir='ltr'><strong>procureur</strong></span> <span class='ocrx_word' id='word_1_291' title='bbox 1551 3072 1725 3126; x_wconf 69' lang='lat' dir='ltr'><strong>general</strong></span> <span class='ocrx_word' id='word_1_292' title='bbox 1749 3073 1804 3114; x_wconf 86' lang='lat' dir='ltr'><strong>de</strong></span> <span class='ocrx_word' id='word_1_293' title='bbox 1827 3072 1988 3113; x_wconf 89' lang='lat' dir='ltr'><strong>l’ordre</strong></span> <span class='ocrx_word' id='word_1_294' title='bbox 2011 3071 2037 3111; x_wconf 72' lang='lat' dir='ltr'><strong>a</strong></span> 
     </span>
     <span class='ocr_line' id='line_1_47' title="bbox 185 3138 2039 3196; baseline -0.001 -14"><span class='ocrx_word' id='word_1_295' title='bbox 185 3166 193 3177; x_wconf 53' lang='grc' dir='ltr'><strong>ι</strong></span> <span class='ocrx_word' id='word_1_296' title='bbox 234 3166 235 3169; x_wconf 62' lang='lat'><em>=</em></span> <span class='ocrx_word' id='word_1_297' title='bbox 263 3165 265 3173; x_wconf 92' lang='lat'>·</span> <span class='ocrx_word' id='word_1_298' title='bbox 302 3139 597 3196; x_wconf 65' lang='lat' dir='ltr'><strong>(ism-1374).</strong></span> <span class='ocrx_word' id='word_1_299' title='bbox 622 3141 660 3183; x_wconf 87' lang='lat' dir='ltr'><strong>n</strong></span> <span class='ocrx_word' id='word_1_300' title='bbox 680 3140 822 3184; x_wconf 81' lang='lat' dir='ltr'><strong>suivit</strong></span> <span class='ocrx_word' id='word_1_301' title='bbox 844 3142 1014 3184; x_wconf 83' lang='lat' dir='ltr'><strong>Urbain</strong></span> <span class='ocrx_word' id='word_1_302' title='bbox 1037 3142 1091 3194; x_wconf 92' lang='lat' dir='ltr'><strong>V,</strong></span> <span class='ocrx_word' id='word_1_303' title='bbox 1113 3143 1140 3183; x_wconf 73' lang='lat' dir='ltr'><strong>a</strong></span> <span class='ocrx_word' id='word_1_304' title='bbox 1164 3142 1323 3191; x_wconf 87' lang='lat' dir='ltr'><strong>Rome;</strong></span> <span class='ocrx_word' id='word_1_305' title='bbox 1349 3150 1410 3191; x_wconf 86' lang='lat' dir='ltr'><strong>et,</strong></span> <span class='ocrx_word' id='word_1_306' title='bbox 1434 3143 1599 3183; x_wconf 86' lang='lat' dir='ltr'><strong>durant</strong></span> <span class='ocrx_word' id='word_1_307' title='bbox 1620 3156 1700 3183; x_wconf 85' lang='lat' dir='ltr'><strong>son</strong></span> <span class='ocrx_word' id='word_1_308' title='bbox 1712 3142 1860 3194; x_wconf 77' lang='lat' dir='ltr'><strong>sejour</strong></span> <span class='ocrx_word' id='word_1_309' title='bbox 1871 3138 2039 3181; x_wconf 86' lang='lat' dir='ltr'><strong>dansla</strong></span> 
     </span>
     <span class='ocr_line' id='line_1_48' title="bbox 157 3209 2045 3268; baseline -0.004 -12"><span class='ocrx_word' id='word_1_310' title='bbox 157 3254 162 3268; x_wconf 11' lang='grc' dir='ltr'><strong>Α,</strong></span> <span class='ocrx_word' id='word_1_311' title='bbox 196 3209 429 3265; x_wconf 42' lang='lat' dir='ltr'><strong>&#39;mna</strong></span> <span class='ocrx_word' id='word_1_312' title='bbox 445 3210 477 3252; x_wconf 86' lang='lat' dir='ltr'><strong>il</strong></span> <span class='ocrx_word' id='word_1_313' title='bbox 493 3210 567 3253; x_wconf 76' lang='lat' dir='ltr'><strong>fut</strong></span> <span class='ocrx_word' id='word_1_314' title='bbox 583 3211 655 3253; x_wconf 65' lang='lat' dir='ltr'><strong>‘lu</strong></span> <span class='ocrx_word' id='word_1_315' title='bbox 673 3211 920 3266; x_wconf 80' lang='lat' dir='ltr'><strong>provincial</strong></span> <span class='ocrx_word' id='word_1_316' title='bbox 937 3213 993 3254; x_wconf 89' lang='lat' dir='ltr'><strong>de</strong></span> <span class='ocrx_word' id='word_1_317' title='bbox 1011 3212 1053 3253; x_wconf 85' lang='lat' dir='ltr'><strong>la</strong></span> <span class='ocrx_word' id='word_1_318' title='bbox 1071 3212 1281 3266; x_wconf 82' lang='lat' dir='ltr'><strong>province</strong></span> <span class='ocrx_word' id='word_1_319' title='bbox 1302 3211 1517 3252; x_wconf 86' lang='lat' dir='ltr'><strong>Romaine</strong></span> <span class='ocrx_word' id='word_1_320' title='bbox 1538 3211 1696 3264; x_wconf 78' lang='lat'><strong>(1368).</strong></span> <span class='ocrx_word' id='word_1_321' title='bbox 1713 3211 1867 3263; x_wconf 80' lang='lat' dir='ltr'><strong>Ayant</strong></span> <span class='ocrx_word' id='word_1_322' title='bbox 1878 3209 2045 3261; x_wconf 64' lang='lat' dir='ltr'><strong>occup&amp;</strong></span> 
     </span>
     <span class='ocr_line' id='line_1_49' title="bbox 171 3278 2043 3334; baseline -0.003 -11"><span class='ocrx_word' id='word_1_323' title='bbox 171 3278 179 3283; x_wconf 75' lang='grc'><strong><em>’</em></strong></span> <span class='ocrx_word' id='word_1_324' title='bbox 207 3278 370 3334; x_wconf 58' lang='lat' dir='ltr'><strong>thart·</strong></span> <span class='ocrx_word' id='word_1_325' title='bbox 383 3280 552 3323; x_wconf 75' lang='lat' dir='ltr'><strong>durant</strong></span> <span class='ocrx_word' id='word_1_326' title='bbox 566 3294 629 3323; x_wconf 88' lang='lat' dir='ltr'><strong>un</strong></span> <span class='ocrx_word' id='word_1_327' title='bbox 643 3294 703 3323; x_wconf 82' lang='lat' dir='ltr'><strong>an</strong></span> <span class='ocrx_word' id='word_1_328' title='bbox 718 3288 767 3323; x_wconf 88' lang='lat' dir='ltr'><strong>et</strong></span> <span class='ocrx_word' id='word_1_329' title='bbox 781 3281 916 3334; x_wconf 83' lang='lat' dir='ltr'><strong>demi,</strong></span> <span class='ocrx_word' id='word_1_330' title='bbox 932 3281 963 3322; x_wconf 90' lang='lat' dir='ltr'><strong>il</strong></span> <span class='ocrx_word' id='word_1_331' title='bbox 980 3280 1052 3322; x_wconf 72' lang='lat' dir='ltr'><strong>fut</strong></span> <span class='ocrx_word' id='word_1_332' title='bbox 1067 3281 1241 3334; x_wconf 78' lang='lat' dir='ltr'><strong>charge,</strong></span> <span class='ocrx_word' id='word_1_333' title='bbox 1259 3294 1367 3322; x_wconf 85' lang='lat' dir='ltr'><strong>avec</strong></span> <span class='ocrx_word' id='word_1_334' title='bbox 1385 3281 1424 3321; x_wconf 85' lang='lat' dir='ltr'><strong>le</strong></span> <span class='ocrx_word' id='word_1_335' title='bbox 1442 3280 1547 3322; x_wconf 84' lang='lat' dir='ltr'><strong>titre</strong></span> <span class='ocrx_word' id='word_1_336' title='bbox 1562 3282 1619 3322; x_wconf 86' lang='lat' dir='ltr'><strong>de</strong></span> <span class='ocrx_word' id='word_1_337' title='bbox 1635 3280 1795 3322; x_wconf 85' lang='lat' dir='ltr'><strong>vicaire</strong></span> <span class='ocrx_word' id='word_1_338' title='bbox 1809 3280 1870 3320; x_wconf 85' lang='lat' dir='ltr'><strong>du</strong></span> <span class='ocrx_word' id='word_1_339' title='bbox 1883 3280 2043 3319; x_wconf 73' lang='lat' dir='ltr'><strong>mitre</strong></span> 
     </span>
     <span class='ocr_line' id='line_1_50' title="bbox 201 3346 2045 3405; baseline -0.002 -13"><span class='ocrx_word' id='word_1_340' title='bbox 201 3377 204 3381; x_wconf 89' lang='lat'><em>-</em></span> <span class='ocrx_word' id='word_1_341' title='bbox 270 3349 328 3392; x_wconf 70' lang='lat' dir='ltr'><strong>(ln</strong></span> <span class='ocrx_word' id='word_1_342' title='bbox 348 3349 526 3403; x_wconf 66' lang='lat' dir='ltr'><strong>rendre,</strong></span> <span class='ocrx_word' id='word_1_343' title='bbox 548 3351 604 3393; x_wconf 84' lang='lat' dir='ltr'><strong>de</strong></span> <span class='ocrx_word' id='word_1_344' title='bbox 625 3350 839 3393; x_wconf 70' lang='lat' dir='ltr'><strong>reiormer</strong></span> <span class='ocrx_word' id='word_1_345' title='bbox 861 3351 904 3392; x_wconf 89' lang='lat' dir='ltr'><strong>la</strong></span> <span class='ocrx_word' id='word_1_346' title='bbox 927 3350 1138 3405; x_wconf 85' lang='lat' dir='ltr'><strong>province</strong></span> <span class='ocrx_word' id='word_1_347' title='bbox 1161 3351 1216 3392; x_wconf 87' lang='lat' dir='ltr'><strong>de</strong></span> <span class='ocrx_word' id='word_1_348' title='bbox 1240 3350 1505 3392; x_wconf 83' lang='lat' dir='ltr'><strong>Lombardie</strong></span> <span class='ocrx_word' id='word_1_349' title='bbox 1528 3349 1773 3391; x_wconf 67' lang='lat' dir='ltr'><strong>inter-imre.</strong></span> <span class='ocrx_word' id='word_1_350' title='bbox 1801 3349 1867 3390; x_wconf 86' lang='lat' dir='ltr'><strong>En</strong></span> <span class='ocrx_word' id='word_1_351' title='bbox 1884 3346 2045 3390; x_wconf 63' lang='lat' dir='ltr'><strong>fevi-ier</strong></span> 
     </span>
     <span class='ocr_line' id='line_1_51' title="bbox 160 3416 2041 3475; baseline -0.003 -14"><span class='ocrx_word' id='word_1_352' title='bbox 160 3441 209 3476; x_wconf 65' lang='lat' dir='ltr'><strong>c,</strong></span> <span class='ocrx_word' id='word_1_353' title='bbox 222 3416 264 3461; x_wconf 73' lang='lat' dir='ltr'><strong>lo</strong></span> <span class='ocrx_word' id='word_1_354' title='bbox 280 3417 480 3474; x_wconf 77' lang='lat' dir='ltr'><strong>chapitre</strong></span> <span class='ocrx_word' id='word_1_355' title='bbox 498 3420 554 3461; x_wconf 88' lang='lat' dir='ltr'><strong>de</strong></span> <span class='ocrx_word' id='word_1_356' title='bbox 571 3427 690 3462; x_wconf 86' lang='lat' dir='ltr'><strong>cette</strong></span> <span class='ocrx_word' id='word_1_357' title='bbox 708 3419 920 3475; x_wconf 86' lang='lat' dir='ltr'><strong>province</strong></span> <span class='ocrx_word' id='word_1_358' title='bbox 938 3420 979 3460; x_wconf 88' lang='lat' dir='ltr'><strong>le</strong></span> <span class='ocrx_word' id='word_1_359' title='bbox 1009 3420 1170 3462; x_wconf 88' lang='lat' dir='ltr'><strong>choisit</strong></span> <span class='ocrx_word' id='word_1_360' title='bbox 1201 3434 1371 3461; x_wconf 89' lang='lat' dir='ltr'><strong>comme</strong></span> <span class='ocrx_word' id='word_1_361' title='bbox 1389 3419 1648 3474; x_wconf 86' lang='lat' dir='ltr'><strong>provincial.</strong></span> <span class='ocrx_word' id='word_1_362' title='bbox 1683 3418 1793 3460; x_wconf 81' lang='lat' dir='ltr'><strong>Mais</strong></span> <span class='ocrx_word' id='word_1_363' title='bbox 1825 3430 1892 3459; x_wconf 84' lang='lat' dir='ltr'><strong>ses</strong></span> <span class='ocrx_word' id='word_1_364' title='bbox 1915 3416 2041 3457; x_wconf 76' lang='lat' dir='ltr'><strong>fonc-</strong></span> 
     </span>
     <span class='ocr_line' id='line_1_52' title="bbox 166 3485 2046 3544; baseline -0.003 -12"><span class='ocrx_word' id='word_1_365' title='bbox 166 3487 170 3532; x_wconf 62' lang='lat'><em>[</em></span> <span class='ocrx_word' id='word_1_366' title='bbox 221 3486 278 3530; x_wconf 77' lang='lat' dir='ltr'><strong>de</strong></span> <span class='ocrx_word' id='word_1_367' title='bbox 300 3501 541 3543; x_wconf 86' lang='lat' dir='ltr'><strong>procureur</strong></span> <span class='ocrx_word' id='word_1_368' title='bbox 566 3489 742 3544; x_wconf 69' lang='lat' dir='ltr'><strong>general</strong></span> <span class='ocrx_word' id='word_1_369' title='bbox 768 3491 823 3532; x_wconf 91' lang='lat' dir='ltr'><strong>de</strong></span> <span class='ocrx_word' id='word_1_370' title='bbox 849 3490 1026 3543; x_wconf 69' lang='lat' dir='ltr'><strong>Pon-dre,</strong></span> <span class='ocrx_word' id='word_1_371' title='bbox 1054 3489 1163 3543; x_wconf 90' lang='lat' dir='ltr'><strong>qu’il</strong></span> <span class='ocrx_word' id='word_1_372' title='bbox 1190 3489 1363 3531; x_wconf 87' lang='lat' dir='ltr'><strong>n’avait</strong></span> <span class='ocrx_word' id='word_1_373' title='bbox 1395 3503 1474 3543; x_wconf 89' lang='lat' dir='ltr'><strong>pas</strong></span> <span class='ocrx_word' id='word_1_374' title='bbox 1500 3488 1728 3542; x_wconf 73' lang='lat' dir='ltr'><strong>resignees,</strong></span> <span class='ocrx_word' id='word_1_375' title='bbox 1760 3485 2046 3541; x_wconf 86' lang='lat' dir='ltr'><strong>l’appelaient</strong></span> 
     </span>
     <span class='ocr_line' id='line_1_53' title="bbox 174 3542 2046 3613; baseline -0.003 -12"><span class='ocrx_word' id='word_1_376' title='bbox 174 3542 187 3601; x_wconf 42' lang='lat' dir='ltr'><strong>i</strong></span> <span class='ocrx_word' id='word_1_377' title='bbox 252 3555 315 3599; x_wconf 80' lang='lat' dir='ltr'><strong>du</strong></span> <span class='ocrx_word' id='word_1_378' title='bbox 338 3571 467 3613; x_wconf 83' lang='lat' dir='ltr'><strong>pape.</strong></span> <span class='ocrx_word' id='word_1_379' title='bbox 498 3558 535 3599; x_wconf 89' lang='lat'><strong>11</strong></span> <span class='ocrx_word' id='word_1_380' title='bbox 560 3558 711 3613; x_wconf 82' lang='lat' dir='ltr'><strong>quitta</strong></span> <span class='ocrx_word' id='word_1_381' title='bbox 726 3558 891 3600; x_wconf 86' lang='lat' dir='ltr'><strong>l&#39;Italie</strong></span> <span class='ocrx_word' id='word_1_382' title='bbox 908 3566 954 3600; x_wconf 85' lang='lat' dir='ltr'><strong>et</strong></span> <span class='ocrx_word' id='word_1_383' title='bbox 968 3572 1014 3600; x_wconf 87' lang='lat' dir='ltr'><strong>se</strong></span> <span class='ocrx_word' id='word_1_384' title='bbox 1034 3559 1123 3600; x_wconf 85' lang='lat' dir='ltr'><strong>fixa</strong></span> <span class='ocrx_word' id='word_1_385' title='bbox 1139 3559 1194 3600; x_wconf 88' lang='lat' dir='ltr'><strong>de</strong></span> <span class='ocrx_word' id='word_1_386' title='bbox 1223 3572 1429 3599; x_wconf 89' lang='lat' dir='ltr'><strong>nouveau</strong></span> <span class='ocrx_word' id='word_1_387' title='bbox 1443 3559 1469 3598; x_wconf 74' lang='lat' dir='ltr'><strong>a</strong></span> <span class='ocrx_word' id='word_1_388' title='bbox 1485 3557 1704 3611; x_wconf 85' lang='lat' dir='ltr'><strong>Avignon.</strong></span> <span class='ocrx_word' id='word_1_389' title='bbox 1724 3557 1762 3598; x_wconf 92' lang='lat'><strong>11</strong></span> <span class='ocrx_word' id='word_1_390' title='bbox 1776 3570 1821 3597; x_wconf 84' lang='lat' dir='ltr'><strong>se</strong></span> <span class='ocrx_word' id='word_1_391' title='bbox 1837 3550 1977 3597; x_wconf 71' lang='lat' dir='ltr'><strong>demit</strong></span> <span class='ocrx_word' id='word_1_392' title='bbox 1992 3555 2046 3595; x_wconf 88' lang='lat' dir='ltr'><strong>de</strong></span> 
     </span>
     <span class='ocr_line' id='line_1_54' title="bbox 163 3623 2050 3682; baseline -0.003 -14"><span class='ocrx_word' id='word_1_393' title='bbox 163 3670 175 3675; x_wconf 30' lang='grc' dir='ltr'><strong><em>Δ</em></strong></span> <span class='ocrx_word' id='word_1_394' title='bbox 228 3644 233 3658; x_wconf 89' lang='grc'><em>·</em></span> <span class='ocrx_word' id='word_1_395' title='bbox 292 3655 297 3659; x_wconf 89' lang='lat'><em>-</em></span> <span class='ocrx_word' id='word_1_396' title='bbox 321 3626 514 3680; x_wconf 75' lang='lat'><strong>0111374,</strong></span> <span class='ocrx_word' id='word_1_397' title='bbox 529 3635 576 3670; x_wconf 89' lang='lat' dir='ltr'><strong>et</strong></span> <span class='ocrx_word' id='word_1_398' title='bbox 593 3641 649 3670; x_wconf 88' lang='lat' dir='ltr'><strong>en</strong></span> <span class='ocrx_word' id='word_1_399' title='bbox 664 3629 776 3670; x_wconf 85' lang='lat'><strong>1378</strong></span> <span class='ocrx_word' id='word_1_400' title='bbox 796 3628 867 3669; x_wconf 77' lang='lat' dir='ltr'><strong>fut</strong></span> <span class='ocrx_word' id='word_1_401' title='bbox 882 3628 952 3669; x_wconf 75' lang='lat' dir='ltr'><strong>elu</strong></span> <span class='ocrx_word' id='word_1_402' title='bbox 967 3627 1210 3682; x_wconf 89' lang='lat' dir='ltr'><strong>provincial</strong></span> <span class='ocrx_word' id='word_1_403' title='bbox 1227 3628 1280 3669; x_wconf 88' lang='lat' dir='ltr'><strong>de</strong></span> <span class='ocrx_word' id='word_1_404' title='bbox 1297 3627 1529 3669; x_wconf 90' lang='lat' dir='ltr'><strong>Toulouse.</strong></span> <span class='ocrx_word' id='word_1_405' title='bbox 1547 3627 1760 3678; x_wconf 65' lang='grc' dir='ltr'><strong>Μαι-ωηο,</strong></span> <span class='ocrx_word' id='word_1_406' title='bbox 1780 3624 1870 3665; x_wconf 73' lang='lat' dir='ltr'><strong>Vel.</strong></span> <span class='ocrx_word' id='word_1_407' title='bbox 1887 3623 2050 3676; x_wconf 57' lang='lat' dir='ltr'><strong>scripu,</strong></span> 
     </span>
     <span class='ocr_line' id='line_1_55' title="bbox 171 3691 2050 3750; baseline -0.003 -11.038"><span class='ocrx_word' id='word_1_408' title='bbox 171 3744 173 3746; x_wconf 48' lang='grc'>,</span> <span class='ocrx_word' id='word_1_409' title='bbox 204 3723 222 3748; x_wconf 79' lang='lat'><strong>,</strong></span> <span class='ocrx_word' id='word_1_410' title='bbox 250 3694 332 3737; x_wconf 78' lang='lat' dir='ltr'><strong>eol.</strong></span> <span class='ocrx_word' id='word_1_411' title='bbox 366 3695 472 3743; x_wconf 72' lang='lat'><strong>4343</strong></span> <span class='ocrx_word' id='word_1_412' title='bbox 508 3695 705 3750; x_wconf 76' lang='lat' dir='ltr'><strong>Masetti,</strong></span> <span class='ocrx_word' id='word_1_413' title='bbox 739 3696 1027 3738; x_wconf 72' lang='lat' dir='ltr'><strong>monumenta</strong></span> <span class='ocrx_word' id='word_1_414' title='bbox 1059 3702 1096 3737; x_wconf 73' lang='lat' dir='ltr'><strong>et</strong></span> <span class='ocrx_word' id='word_1_415' title='bbox 1129 3695 1403 3749; x_wconf 74' lang='lat' dir='ltr'><strong>antiquitates</strong></span> <span class='ocrx_word' id='word_1_416' title='bbox 1436 3695 1582 3737; x_wconf 77' lang='lat' dir='ltr'><strong>veleris</strong></span> <span class='ocrx_word' id='word_1_417' title='bbox 1615 3693 1872 3749; x_wconf 78' lang='lat' dir='ltr'><strong>disciplinae</strong></span> <span class='ocrx_word' id='word_1_418' title='bbox 1883 3691 2050 3734; x_wconf 75' lang='lat' dir='ltr'><strong>ordinis</strong></span> 
     </span>
    </p>
   </div>
   <div class='ocr_carea' id='block_1_6' title="bbox 8 3948 260 4354">
    <p class='ocr_par' dir='ltr' id='par_1_8' title="bbox 8 3948 260 4354">
     <span class='ocr_line' id='line_1_56' title="bbox 8 3948 260 4354; baseline 0 0"><span class='ocrx_word' id='word_1_419' title='bbox 8 3948 260 4354; x_wconf 95' lang='lat' dir='ltr'><strong> </strong></span> 
     </span>
    </p>
   </div>
  </div>
 </body>
</html>
