2540 4354
0 346 12 482 ζ
840 400 1192 437 Ανηκυιοεε
1921 386 2018 439 507

14 520 17 521 ’
53 526 303 571 nostrum
373 525 585 567 rectum
604 513 863 566 iudicium
880 517 1129 582 prodeat,
1146 526 1202 567 et
1219 518 1582 569 nostriocculi
1596 518 1651 569 in
1681 517 1780 568 hiis
1818 529 1874 567 et
1910 517 2025 568 aliis

45 598 271 652 videant
310 597 631 665 equitatem,
675 597 959 662 prehabito
1002 599 1222 649 consilio
1266 600 1500 665 plurium
1516 599 1827 666 sapientum
1844 602 2019 666 prela-

40 692 225 735 torum
249 690 307 732 et
330 680 468 732 sacri
492 679 686 747 palatii
709 680 1023 730 auditorum
1050 700 1111 730 ac
1139 682 1192 733 in
1220 701 1368 731 sacra
1400 683 1591 748 pagina
1619 692 1675 731 et
1700 683 1755 733 in
1782 694 2013 750 utroque

13 763 151 817 ÷iure
191 765 497 824 doctorum,
539 762 782 814 dicentes
825 782 838 812 x

11 847 15 850 ’
65 870 69 875 ·
120 846 152 909 1·
183 847 243 898 In
268 844 486 898 nomine
517 844 692 896 Patris
715 856 773 894 et
804 845 920 896 Filii
946 858 999 896 et
1030 848 1258 913 Spiritus
1289 851 1488 901 Sancti.
1522 850 1709 901 Amen.
1744 853 1842 902 Per
1882 852 2020 901 hanc

38 940 288 984 nostram
315 927 647 980 sententiam
676 946 841 994 quam
873 928 1089 979 serimus
1121 931 1173 981 in
1206 932 1301 982 hiis
1330 933 1560 998 scriptis,
1592 950 1686 982 vos
1715 934 2021 999 Blanquam

42 1011 345 1081 prodictam
384 1022 443 1061 et
483 1010 758 1061 consocias
802 1021 941 1072 tuas,
984 1011 1238 1062 videlicet
1284 1015 1568 1078 Englesam
1591 1015 1910 1076 Pradellam‚
1952 1017 2020 1067 de

43 1094 295 1156 Thelme,
323 1094 677 1154 Bernardam‚
711 1092 876 1142 filiam
897 1097 1171 1158 quondam
1196 1097 1339 1146 Petri
1366 1098 1430 1146 de
1462 1098 1709 1148 Mai-sano
1736 1099 1801 1148 de
1830 1099 2018 1149 Mauso

42 1177 109 1230 de
141 1177 343 1229 Garino
367 1175 428 1238 ⁸²,
462 1176 745 1236 henham,
768 1175 934 1226 filiam
955 1179 1231 1241 quondam
1266 1179 1527 1229 Audiardi
1556 1181 1622 1229 de
1657 1180 2017 1246 Perpinhano,

13 1260 407 1320 vincentiam,
452 1259 619 1310 filiam
659 1260 937 1325 quondam
979 1261 1206 1310 Azzonis
1226 1263 1291 1311 dc
1312 1262 1619 1323 Statera‚et
1648 1263 2015 1326 Thomasiam,

45 1341 212 1396 filiam
264 1343 544 1409 quondam
598 1341 802 1392 Marchi
853 1343 918 1392 de
976 1344 1238 1403 Romano,
1294 1345 1611 1406 Tholosane‚
1669 1346 1911 1396 Elnensis
1963 1356 2018 1396 et

41 1425 392 1479 Venosiarum
448 1425 739 1476 civitatum
791 1434 848 1474 et
902 1424 1197 1486 diocesum,
1254 1446 1355 1491 que
1425 1428 1739 1493 priusquam
1808 1428 2017 1478 velletis

40 1509 310 1579 predictos
349 1526 603 1560 revocare
641 1525 843 1558 errores
884 1508 977 1558 diu
1018 1508 1194 1558 fuistis
1234 1509 1287 1560 in
1325 1509 1524 1560 duritia
1564 1520 1619 1559 et
1637 1511 1930 1575 pertinacia
1961 1521 2017 1560 et

36 1591 207 1645 otiam
242 1591 439 1659 pluries
473 1591 647 1642 iurare
681 1589 969 1642 recusastis
1003 1599 1058 1638 et
1093 1591 1341 1655 nequiter
1373 1592 1693 1656 deliquistis,
1728 1593 1795 1641 ad
1831 1611 2020 1659 perpe·

39 1683 200 1728 tuum
240 1693 507 1726 carcerem
545 1683 729 1729 nostro
770 1672 996 1725 arbitrio
1038 1673 1191 1723 vobis
1230 1674 1615 1738 assignandum
1655 1675 1708 1725 in
1748 1695 1886 1741 pane
1924 1679 2021 1728 do·

38 1756 168 1813 loris
209 1768 265 1807 et
306 1776 448 1824 aqua
493 1756 734 1816 tristitie,
780 1756 872 1807 ubi
917 1768 1095 1807 vestra
1117 1768 1337 1822 peccata
1396 1756 1639 1808 defleatis
1698 1768 1753 1808 et
1794 1756 2017 1827 [vestras

28 1841 225 1907 culpas
259 1839 675 1905 recognoscatis,
713 1857 807 1907 per
842 1841 979 1891 hanc
1014 1850 1257 1890 nostram
1293 1841 1652 1892 deffinitivam
1688 1842 2019 1892 sententiam

30 1923 439 1978 'tententialiter
468 1925 958 1987 condempnemu83
990 1923 1283 1974 retinentes
1316 1923 1468 1973 nobis
1500 1933 1555 1972 et
1585 1923 1781 1974 nostris
1812 1941 2018 1974 succes-

26 2034 36 2055 μ
75 2005 243 2060 ribus
273 2023 340 2059 ex
383 2006 597 2059 indulto
630 2005 928 2072 apostolico
961 2007 1115 2057 nobis
1150 2006 1203 2056 in
1236 2007 1334 2055 hac
1367 2017 1518 2070 parte
1553 2023 1800 2056 concesso
1834 2006 2016 2071 plena·

30 2088 175 2143 ‘m
219 2099 553 2157 potestatem
597 2089 771 2142 dictas
818 2108 982 2156 penas
1028 2100 1083 2140 et
1128 2088 1455 2155 penitentias
1501 2088 1853 2150 diminuendi,
1901 2108 2016 2139 mu·

34 2194 42 2214 ⁴>
80 2173 199 2227 ndi
230 2183 287 2226 et
318 2172 375 2227 in
407 2185 590 2225 totum
627 2173 758 2225 vel
746 2193 799 2224 in
836 2185 988 2240 parte
1038 2171 1281 2232 tollendi,
1317 2172 1614 2221 secundum
1651 2172 1794 2236 quod
1831 2183 2010 2222 vestra

108 2422 264 2486 Lata,
303 2422 444 2476 locta
482 2432 539 2472 et
575 2423 807 2476 recitata
849 2422 953 2474 fuit
995 2423 1304 2474 huiusmodi
1342 2422 1611 2473 sententia
1633 2421 1916 2479 minione,
1958 2420 2011 2471 in

38 2503 303 2561 „fmitorio
330 2505 563 2557 fratrum
591 2505 880 2566 minorum,
907 2525 1049 2557 anno
1081 2524 1109 2556 a
1137 2505 1432 2556 nativitate
1477 2503 1692 2554 Domini
1731 2503 2012 2553 millesimo

42 2587 420 2647 ”contesimo
467 2588 916 2654 quinquagesimo
966 2588 1156 2654 quinto
1204 2599 1259 2635 et
1307 2588 1390 2637 die
1437 2587 1756 2637 duodecima
1819 2585 2016 2636 mensis

58 2671 154 2727 ulii
207 2671 561 2737 pontificatus
616 2672 826 2723 domini
880 2672 1051 2723 nostri
1111 2670 1413 2723 Innocentii
1466 2689 1604 2738 pape
1658 2670 1816 2730 sexti,
1872 2684 2018 2718 anno

40 2760 43 2762 ’
80 2753 226 2810 τοῖο.
279 2754 623 2808 Prosentibus
670 2755 979 2806 reverendis
1026 2755 1081 2804 in
1130 2754 1341 2805 Christo
1390 2753 1635 2819 patribus
1654 2750 1886 2802 dominis
1933 2751 2013 2810 Β.,

93 2853 438 2897 avenarum,
492 2847 550 2887 et
610 2837 885 2897 Michaele‚
944 2836 1340 2889 barchinonen.
1365 2835 1411 2866 ²³
1463 2834 1744 2900 episcopis,
1764 2834 1929 2883 nobili
1957 2843 2018 2883 et

57 2920 254 2975 tenti
295 2919 409 2973 viro
452 2920 673 2973 domino
719 2920 1002 2973 Guillelmo
1052 2919 1320 2978 nouandi,
1366 2916 1540 2978 militi,
1586 2915 1737 2967 Curie
1793 2933 2019 2966 romane

57 3004 351 3060 αηιοαΙΙο
386 3012 443 3055 et
479 3002 880 3056 venerabilibus
915 3015 972 3054 et
1004 3000 1404 3068 circumspectis
1424 2999 1549 3051 viris
1567 2998 1797 3050 dominis
1818 2999 2015 3062 Ayme·

127 3110 133 3129 ο
198 3085 458 3150 Hugonis‚
510 3085 746 3138 Giraudo
794 3088 860 3137 do
913 3084 1328 3144 l’odiol'ulconis‚
1383 3085 1538 3132 Petro
1587 3083 1652 3131 de
1707 3082 1910 3141 llhano,
1961 3090 2019 3129 et

60 3176 198 3222 ‘otro
252 3167 485 3230 Maioris,
534 3169 673 3221 sacri
726 3170 922 3220 Palatii
969 3167 1328 3227 auditoribus,
1379 3164 1597 3217 domino
1650 3165 1896 3214 Johanne
1948 3163 2013 3212 de

55 3259 64 3310 ζ-
141 3267 219 3312 ta,
268 3250 324 3304 in
372 3250 578 3316 legibus
626 3252 926 3312 licentiato,
978 3250 1296 3315 officialique
1350 3246 1718 3306 Avinionensi‚
1739 3244 2009 3296 nobilibus

71 3331 91 3370 ·‘
125 3332 136 3344 ’
203 3334 436 3389 dominis
480 3334 716 3388 Gitaudo
758 3337 821 3385 de
867 3336 1064 3385 Sancta
1110 3333 1294 3393 Maria,
1327 3331 1627 3380 Bertrando
1670 3327 2012 3391 Malisangui·

77 3413 91 3427 ⁰
123 3455 136 3479 ,
176 3418 398 3471 Godone
435 3418 499 3470 do
539 3418 726 3483 Caym,
763 3427 819 3470 et
858 3419 1062 3470 Jacobo
1108 3414 1382 3473 Dalmatii,
1425 3411 1702 3471 militibus,
1743 3409 2011 3475 magistris

93 3502 336 3552 rtrando
385 3501 579 3566 Aga-ii,
629 3501 866 3552 Arnaldo
916 3499 1167 3559 Cabrerii,
1219 3496 1418 3549 ordinis
1467 3496 1697 3545 fratrum
1745 3491 2014 3544 minorum

60 3644 64 3647 ,
130 3582 281 3645 dicti,
327 3602 389 3635 ao
434 3582 489 3635 in
535 3602 684 3635 sacra
731 3582 1003 3648 theologia
1052 3578 1339 3645 magistris,
1385 3587 1442 3628 et
1486 3574 1718 3627 dominis
1766 3573 2012 3624 Guidone

142 3666 392 3728 Commo,
437 3668 737 3721 Bertrando
782 3668 846 3719 de
891 3664 1156 3731 Taysione
1198 3673 1254 3712 et
1301 3661 1531 3712 Fulcone
1574 3660 1639 3710 de
1672 3656 2012 3722 Vaysilhaco,

71 3756 76 3785 -’
106 3747 166 3804 ti
202 3748 410 3803 domini
450 3750 827 3802 Convenarum
868 3746 1105 3813 episcopi
1146 3744 1299 3795 sociis
1336 3754 1392 3793 et
1432 3739 1738 3808 capellanis,
1780 3737 2014 3790 dominis
