2540 4354
469 355 578 412 290*
861 377 1152 411 BULLAIRE
1199 379 1272 410 DE
1315 357 1734 421 L’INQUISITION
1777 380 2096 424 ΕΒΑΝςΑῙεΕ

467 492 759 556 compellas
788 493 1013 543 veritati
1042 494 1423 544 testimonium
1454 495 1753 561 perhibere.
1789 496 1911 547 Non
1941 500 2198 550 obstante
2229 501 2272 551 si
2301 502 2475 554 eidem

462 574 774 639 inquisitori
819 578 905 626 vel
953 577 1238 642 quibusvis
1285 578 1403 629 aliis
1451 581 1818 630 communiter
1863 583 1950 632 vel
1997 583 2215 634 divisim
2263 604 2292 636 a
2340 586 2474 637 Sede

461 660 762 723 apostolica
801 661 870 710 sit
907 661 1187 734 indultum
1226 663 1372 727 quod
1410 663 1680 726 interdici,
1720 666 1998 730 suspendi,
2038 669 2124 717 vel
2161 686 2472 721 excommu—

457 742 627 793 nicari
662 762 772 794 non
809 745 1021 810 possint
1057 764 1151 811 per
1186 747 1399 797 litteras
1437 748 1767 813 apostolicas
1804 767 1914 799 non
1951 750 2213 803 facientes
2251 755 2470 820 plenam

454 837 510 875 et
537 844 869 893 expressam,
899 848 962 880 ac
990 830 1055 879 de
1083 832 1251 881 verbo
1279 832 1349 882 ad
1377 833 1609 882 verbum
1638 833 1703 882 de
1731 833 1947 884 indulto
1977 835 2296 888 huiusmodi
2324 857 2471 891 men-

456 909 679 963 tionem.
708 940 777 948 -—
804 913 1015 964 Datum
1043 914 1320 978 Avinioni,
1349 935 1390 966 11
1418 916 1680 967 kalendas
1722 916 2000 982 februarii,
2028 938 2173 971 anno
2216 923 2393 987 primo
2431 924 2464 977 ⁷.

507 1108 546 1149 1.
578 1109 792 1151 Gaucelin
820 1112 874 1151 de
903 1111 1039 1160 Jean;
1070 1111 1168 1153 voir
1195 1127 1238 1153 n.
1268 1112 1368 1164 180,
1396 1120 1503 1154 note
1531 1114 1571 1155 1.

506 1180 546 1220 2.
568 1179 800 1222 Briatexte
826 1181 994 1235 (Tarn),
1017 1189 1136 1224 cant.
1159 1183 1214 1225 de
1237 1182 1470 1236 Graulhet,
1492 1185 1671 1226 arrond.
1693 1185 1749 1227 de
1770 1185 1964 1228 Lavaur.

503 1250 547 1294 3.
570 1249 789 1292 Graulhet
812 1250 982 1305 (Tarn),
1005 1254 1182 1295 arrond.
1208 1254 1263 1294 de
1285 1253 1494 1296 Lavaurz.

501 1321 539 1362 4.
572 1321 818 1374 Puybegon
851 1320 1020 1375 (Tarn),
1049 1330 1168 1364 cant.
1198 1324 1253 1365 de
1282 1322 1515 1366 Graulhet.

501 1392 540 1431 5.
578 1391 792 1433 Lombers
832 1390 1001 1445 (Tarn),
1038 1401 1158 1435 cant.
1195 1395 1251 1437 de
1287 1394 1546 1448 Realmont,
1581 1399 1759 1440 arrond.
1797 1399 1962 1441 d’Albi.

502 1463 537 1503 Β.
564 1463 745 1514 Aymon
771 1464 825 1503 de
852 1463 1096 1512 Caumont3
1125 1464 1222 1504 voir
1247 1479 1290 1506 n.
1317 1466 1416 1518 162,
1443 1474 1549 1508 note
1574 1468 1615 1509 1.

498 1534 537 1574 7.
561 1533 668 1573 Voir
689 1548 776 1574 une
798 1534 945 1574 notice
967 1549 1042 1574 sur
1064 1535 1214 1577 Menet
1236 1536 1290 1576 de
1314 1535 1574 1578 Robecourt
1594 1553 1652 1579 au
1675 1554 1716 1579 n.
1742 1541 1811 1592 28,
1834 1548 1940 1581 note
1962 1541 2008 1589 2;
2032 1548 2078 1582 et
2099 1541 2299 1584 d'autres
2320 1544 2455 1585 docu-

438 1612 585 1645 ments
610 1604 650 1646 le
675 1613 962 1656 concernant,
989 1621 1030 1646 n.
1059 1606 1157 1657 154,
1182 1607 1281 1658 155,
1307 1607 1406 1660 176,
1431 1608 1531 1660 181,
1555 1609 1653 1650 189.

1280 2028 1499 2088 -187
1549 2064 1622 2074 -

510 2200 581 2250 Le
618 2219 902 2266 procureur
942 2199 1149 2264 ge'ne'ral
1186 2200 1272 2249 des
1310 2199 1468 2264 freres
1506 2200 1783 2264 precheurs
1822 2201 2015 2252 obtient
2051 2202 2123 2252 du
2158 2220 2296 2268 pape
2333 2203 2443 2254 Cle‘·

429 2295 565 2334 ment
616 2285 695 2334 VI
740 2285 792 2334 la
836 2284 1135 2349 promotion
1179 2283 1465 2333 d'Arnaud
1524 2284 1846 2347 Mandavin,
1905 2286 2087 2351 prieur
2120 2287 2191 2336 du
2233 2299 2442 2338 couvent

422 2369 822 2433 d’Angouleme,
854 2372 885 2418 ἀ
916 2367 1288 2434 l’Inquisition
1317 2368 1376 2417 de
1410 2369 1578 2418 Tours
1608 2379 1652 2418 et
1681 2369 1740 2418 de
1770 2369 2016 2433 Poitiers,
2048 2375 2203 2436 apres
2233 2372 2285 2421 la
2306 2381 2433 2421 mort

418 2454 477 2503 de
514 2454 652 2503 Jean
686 2453 906 2518 Ausred.
943 2482 1013 2488 —
1046 2454 1381 2516 Villeneuve,
1418 2453 1484 2503 28
1518 2453 1718 2504 sevrier
1755 2454 1907 2505 1343.

824 2558 1041 2612 sappum,
1069 2567 1102 2600 t.
1131 2573 1182 2612 11,
1209 2558 1284 2599 fol.
1313 2559 1381 2600 62.

493 2667 778 2733 Supplicat
818 2667 867 2716 S.
911 2667 972 2716 V.
1015 2667 1249 2717 devotus
1289 2677 1345 2716 et
1383 2667 1602 2717 humilis
1644 2677 1827 2717 orator
1879 2679 2059 2717 vester
2098 2669 2265 2719 frater
2321 2669 2422 2718 Ro-

415 2763 661 2817 stagnus⁷
707 2762 1033 2818 procurator
1078 2751 1342 2816 generalis
1390 2751 1593 2802 ordinis
1643 2751 1877 2802 fratrum
1925 2753 2329 2818 predicatorum
2372 2752 2423 2802 in

413 2837 581 2901 curia,
610 2836 756 2902 quod
785 2854 908 2884 cum
936 2846 1062 2901 post
1090 2836 1304 2885 obitum
1331 2835 1515 2886 fratris
1545 2836 1814 2886 Johannis
1844 2836 2146 2900 Amfredi¹‚
2177 2835 2419 2901 magistri

411 2922 465 2972 in
524 2922 796 2987 theologia
858 2932 914 2970 et
971 2920 1312 2986 inquisitoris
1374 2921 1655 2987 quondam
1717 2921 1963 2972 Pictavie
2021 2932 2077 2971 et
2149 2920 2421 2988 provincie

410 3006 702 3071 Turonen.‚
745 3025 854 3057 non
897 3006 967 3056 sit
1010 3005 1294 3071 provisum
1337 3006 1402 3055 de
1444 3005 1769 3070 inquisitore
1813 3006 1908 3071 qui
1949 3006 2004 3056 in
2047 3006 2149 3056 illis
2169 3005 2412 3072 partibus

408 3091 607 3141 debeat
640 3090 1014 3156 Inquisitionis
1044 3089 1284 3139 officium
1316 3107 1582 3151 exercere,
1619 3090 1881 3155 quatinus
1916 3090 2213 3156 dignemini
2243 3090 2306 3139 de
2338 3087 2413 3138 di·

407 3185 495 3224 cto
527 3175 700 3224 officio
747 3175 1033 3241 providere
1066 3174 1223 3225 fratri
1257 3174 1517 3224 Arnaudo
1554 3174 1874 3226 Mandavini
1899 3174 1936 3235 ²,
1985 3175 2150 3240 priori
2180 3173 2414 3224 eiusdem

407 3260 607 3310 ordinis
634 3261 689 3310 in
715 3269 992 3309 conventu
1021 3259 1409 3323 Engolismen.,
1460 3269 1522 3307 ut
1571 3259 1847 3324 predictus
1897 3259 2066 3309 frater
2127 3257 2412 3308 Arnaudus

403 3345 576 3409 possit
623 3345 956 3395 auctoritate
1006 3343 1328 3394 Sanctitatis
1381 3344 1571 3394 Vestre
1634 3343 1978 3393 antedictum
2043 3343 2278 3393 officium
2358 3339 2410 3390 in

401 3428 548 3493 locis,
583 3429 739 3478 terris
772 3439 828 3477 et
862 3428 1155 3493 provinciis
1188 3445 1438 3477 exercere
1471 3427 1527 3477 in
1561 3427 1759 3493 quihus
1794 3427 1973 3477 dictus
2010 3427 2286 3492 quondam
2305 3424 2407 3474 fra·

400 3521 483 3561 ter
526 3512 806 3563 Johannes
853 3511 1102 3562 Amfredi
1143 3522 1199 3561 et
1243 3511 1327 3562 sui
1371 3511 1776 3578 predecessores
1821 3511 2005 3577 ipsum
2038 3506 2406 3577 Inquisitionis

400 3596 637 3646 officium
694 3597 1025 3646 exercebant
1083 3607 1181 3647 aut
1239 3606 1500 3662 poterant
1560 3597 1647 3645 vel
1706 3607 2106 3647 consueverant
2162 3606 2400 3644 exercere

399 3681 698 3729 secundum
748 3681 1030 3745 privilegia
1093 3681 1309 3731 indulta
1358 3699 1388 3730 a
1439 3680 1575 3730 Sede
1623 3680 1926 3746 apostolica
1990 3676 2398 3746 inquisitoribus

398 3763 639 3814 eiusdem
688 3764 892 3814 ordinis
939 3764 994 3814 in
1041 3764 1198 3814 terris
1245 3775 1300 3813 et
1347 3763 1641 3830 provinciis
1690 3763 2011 3826 antedictis3
2047 3762 2396 3821 adhicientcs‚

2531 3109 2535 3156 ἑ
