2540 4354
406 359 470 411 14
798 379 1085 411 BULLAmE
1131 379 1205 410 DE
1250 361 1663 419 L’momsinox
1711 377 2031 419 FRANQMSE

408 504 463 544 et
499 496 727 546 fratrem
765 494 1091 545 Gaufridum
1127 495 1191 543 de
1229 493 1483 554 Ablusiis,
1523 492 1724 542 ordinis
1745 491 2170 557 predicatorum,
2190 492 2414 557 inquisi-

408 588 586 629 torem
625 578 859 628 heretice
899 577 1191 644 pravitatis
1230 577 1285 628 in
1322 595 1487 642 regno
1530 576 1752 626 Francie
1793 594 1886 641 per
1927 576 2120 626 Sedem
2159 575 2417 642 apostoli·

410 681 530 713 cam
566 664 917 729 deputatum,
955 681 1021 712 ex
1056 663 1245 724 altera,
1282 680 1442 727 super
1476 680 1536 710 eo
1573 660 1844 722 videlicet,
1883 661 2029 726 quod
2063 660 2208 710 idem
2243 660 2416 726 inqui-

409 746 542 818 sitor
580 746 707 797 olim
743 746 1090 814 pretendens,
1129 746 1339 796 dictum
1376 745 1783 795 vicedominum
1819 756 2109 810 tamquam
2147 745 2418 795 fautorem

407 831 773 881 hereticorum
810 850 903 881 seu
941 830 1317 881 hereticalium
1355 849 1711 895 personarum
1748 840 1804 878 et
1837 829 2222 895 impeditorem
2261 828 2420 879 officii

407 915 702 981 pravitatis
758 915 1023 980 ejusdem,
1080 915 1136 964 in
1192 913 1778 964 excommunicationis
1835 913 2135 964 sententias
2192 914 2332 964 latas
2389 932 2417 964 a

373 990 615 1067 'canone
663 998 931 1060 incidisse,
979 998 1161 1064 ipsum
1209 998 1566 1048 denunciavit
1612 1009 1666 1047 et
1713 997 1844 1047 fecit
1879 997 2418 1047 excommunicatum

410 1083 624 1151 publice
680 1082 940 1144 nuntiari,
996 1081 1151 1132 vobis
1206 1083 1538 1133 audiendam
1593 1101 1654 1132 ac
1709 1082 2084 1133 diffiniendam
2138 1083 2203 1131 de
2258 1082 2418 1147 plano

408 1166 520 1216 sine
566 1167 801 1233 strepitu
846 1178 900 1216 et
949 1167 1119 1231 figura
1163 1166 1370 1232 judicii,
1417 1186 1526 1216 non
1572 1167 1923 1217 obstantibus
1984 1167 2418 1232 quibuscumque

407 1251 882 1301 commissionibus
915 1250 1047 1302 alias
1080 1251 1144 1300 de
1179 1270 1342 1302 causa
1375 1251 1493 1316 ipsa
1525 1251 1579 1299 in
1611 1270 1838 1301 romana
1873 1251 2030 1302 Curia
2063 1250 2242 1312 factis,
2277 1269 2417 1300 com-

409 1334 654 1384 misimus
695 1336 912 1385 oraculo
953 1335 1077 1384 vive
1117 1335 1282 1385 vociS.
1326 1335 1782 1400 Comparentibus
1823 1335 2110 1401 siquidem,
2151 1344 2316 1401 prout
2353 1351 2419 1384 ex

407 1429 596 1468 tenore
635 1430 814 1469 vestre
851 1419 1235 1469 insinuationis
1274 1419 1601 1485 accepimus,
1642 1419 1800 1469 dictis
1839 1419 2087 1485 partibus
2125 1419 2180 1469 in
2215 1418 2417 1484 judicio

410 1522 594 1553 coram
621 1503 792 1565 vobis,
823 1503 1001 1553 dictus
1031 1503 1367 1566 Guillelmus,
1409 1504 1478 1554 ad
1519 1502 1938 1569 justificandum
1979 1514 2033 1553 et
2059 1503 2417 1554 anullandum

409 1588 727 1652 hujusmodi
810 1587 1288 1638 denuntiationem
1371 1607 1464 1638 seu
1550 1587 1994 1639 denuntiationes
2076 1586 2412 1654 inquisitoris

407 1672 673 1737 ejusdem,
718 1674 1006 1723 nonnullas
1049 1673 1306 1735 rationes,
1351 1674 1607 1738 idemque
1650 1673 1957 1738 inquisitor,
2003 1674 2071 1723 ad
2114 1673 2418 1738 justifican-

409 1757 540 1806 dum
593 1757 1039 1808 denuntiationes
1091 1758 1310 1808 easdem
1362 1758 1601 1808 rationes
1654 1758 1786 1809 alias
1838 1769 1892 1807 et
1943 1758 2200 1808 articulos
2252 1757 2418 1807 etiam

408 1842 706 1906 producere
770 1853 1128 1904 curaverunt3
1191 1861 1253 1892 ac
1316 1842 1698 1892 nichilominus
1762 1860 1922 1908 super
1985 1840 2085 1892 hiis
2147 1841 2418 1891 nonnullis

408 1925 828 1990 allegationibus
874 1937 928 1975 et
973 1925 1442 1992 disputationibus
1489 1945 1670 1977 coram
1715 1926 1871 1976 vobis
1916 1926 2074 1977 factis
2120 1937 2174 1976 et
2219 1925 2419 1976 habitis

408 2028 503 2075 per
539 2008 840 2060 advocatos
879 2010 1121 2076 partium
1158 2011 1493 2073 earumdem,
1533 2011 1755 2061 demum
1794 2030 1886 2077 per
1938 2022 2230 2077 utramque
2282 2008 2419 2076 ipsa-

407 2113 529 2144 rum
566 2095 807 2160 partium
844 2096 1104 2146 nonnulla
1141 2094 1528 2157 instrumenta,
1566 2096 1764 2158 littere,
1803 2107 1944 2159 acta,
1982 2096 2103 2162 jura
2141 2106 2195 2145 et
2247 2095 2419 2145 muni·

410 2189 594 2228 menta
652 2179 897 2229 exhibita
955 2191 1009 2229 et
1066 2181 1333 2245 producta
1390 2180 1445 2229 in
1503 2199 1664 2231 causa
1723 2180 2041 2246 hujusmodi
2097 2179 2417 2230 extiterunt.

409 2264 628 2325 Verum,
668 2263 813 2329 quia,
850 2275 1015 2330 prout
1051 2265 1206 2314 nobis
1242 2283 1512 2331 exponere
1551 2265 1856 2327 curavistis,
1896 2284 2057 2315 causa
2094 2265 2285 2314 eadem
2306 2275 2418 2314 tam

407 2347 633 2412 longum
666 2349 835 2398 habet
868 2349 932 2398 de
965 2348 1048 2398 sui
1081 2349 1347 2414 qualitate
1382 2368 1743 2415 progressum,
1779 2350 1943 2415 quod,
1978 2349 2022 2399 si
2051 2349 2106 2398 in
2137 2367 2197 2399 ea
2231 2367 2416 2399 secun·

409 2431 543 2481 dum
597 2432 730 2497 juris
789 2433 1032 2482 ordinem
1089 2435 1434 2499 procedatur,
1491 2435 1559 2484 ad
1616 2435 1846 2484 totalem
1903 2433 2270 2498 cognitionem
2324 2451 2415 2484 seu

411 2515 740 2567 decisionem
774 2517 942 2584 ipsius
981 2518 1092 2567 sine
1132 2518 1387 2582 gravibus
1425 2530 1478 2568 et
1517 2519 1725 2584 magnis
1762 2519 2011 2585 expensis
2049 2537 2110 2569 ac
2142 2518 2418 2575 laboribus

407 2600 635 2666 aliisque
670 2601 964 2667 dispendiis
998 2602 1242 2668 ipsarum
1277 2603 1519 2668 partium
1554 2622 1662 2653 non
1697 2614 1916 2670 poterat
1963 2602 2249 2668 perveniri,
2299 2621 2413 2664 nos,

408 2684 503 2750 qui
547 2685 711 2735 finem
751 2685 939 2736 litibus
980 2686 1211 2736 libenter
1229 2687 1580 2753 imponimus,
1602 2688 1875 2753 premissis
1896 2687 2148 2737 omnibus
2183 2686 2415 2752 benigna

409 2769 770 2820 meditatione
830 2771 1089 2836 pensatis,
1150 2772 1395 2822 volentes
1455 2772 1740 2838 utriusque
1801 2772 2043 2838 partium
2101 2771 2416 2822 earumdem

409 2852 580 2918 quieti
608 2865 837 2920 paterna
869 2855 1148 2919 diligentia
1180 2856 1483 2921 providere,
1516 2857 1784 2923 dictisque
1828 2856 2125 2918 laboribus,
2170 2854 2418 2921 expensis

407 2948 462 2986 et
511 2937 808 3004 dispendiis
859 2940 1099 3001 obviare,
1151 2940 1470 2990 discretioni
1518 2952 1717 3003 vestre,
1767 2942 1832 2991 de
1898 2959 2130 3006 quorum
2194 2950 2418 3005 experta

407 3022 701 3086 prudentia
753 3033 809 3072 et
862 3023 987 3073 fidei
1039 3024 1525 3090 circumspectione
1577 3026 1923 3088 confidimus,
1976 3043 2070 3091 per
2120 3023 2417 3090 apostolica

406 3105 611 3171 scripta
656 3108 999 3169 mandamus,
1045 3108 1305 3173 quatinus
1348 3128 1444 3158 vos
1487 3110 1541 3158 in
1584 3110 1683 3160 hiis
1727 3112 1902 3160 solum
1948 3111 2123 3159 Deum
2165 3109 2418 3158 habendo

408 3207 501 3254 pre
542 3189 707 3240 oculis
747 3191 802 3240 in
842 3191 984 3241 dicta
1029 3192 1464 3243 denuntiationis
1506 3213 1598 3244 seu
1638 3193 2124 3245 denuntiationum
2165 3211 2326 3243 causa
2365 3202 2418 3240 et

406 3273 585 3339 ipsam
630 3275 1093 3340 contingentibus,
1139 3295 1201 3326 ac
1245 3277 1683 3343 dependentibus
1728 3281 1797 3330 ab
1841 3278 2044 3328 eisdem
2088 3276 2416 3327 auctoritate

407 3368 596 3408 nostra
649 3358 968 3425 simpliciter
1017 3371 1072 3410 et
1122 3362 1186 3409 de
1239 3362 1400 3426 plano
1453 3362 1566 3412 sine
1617 3363 1850 3429 strepitu
1902 3374 1957 3411 et
2011 3363 2181 3426 figura
2232 3358 2420 3426 judicii

405 3453 629 3493 servato
668 3444 754 3493 vel
793 3444 990 3495 omisso
1028 3445 1160 3510 juris
1201 3445 1385 3494 ordine
1426 3449 1800 3511 procedentes,
1841 3465 2079 3507 causam,
2120 3444 2416 3509 negotium,

407 3525 780 3591 contingentia
847 3539 902 3578 et
969 3529 1333 3594 dependentia
1402 3531 1720 3596 hujusmodi
1785 3531 2031 3582 totaliter
2097 3529 2407 3590 terminare,

411 3621 575 3674 prout
630 3622 808 3662 vestre
863 3613 1176 3663 discretioni
1229 3614 1525 3677 videbitur,
1580 3616 1899 3682 procuretis.
1959 3614 2181 3664 Proviso
2235 3624 2416 3663 tamen

414 3694 558 3758 quod
614 3714 705 3760 per
758 3698 857 3747 hoc
910 3698 1073 3747 nichil
1125 3698 1178 3747 in
1231 3698 1476 3749 favorem
1530 3700 1892 3751 hereticorum
1959 3709 2055 3749 aut
2122 3697 2410 3763 pravitatis
