2540 4354
978 425 1193 460 utnon·
1230 424 1311 458 χιι
1876 469 1879 473 ,
2044 402 2148 456 249

156 540 243 590 vel
296 539 491 591 timore
544 538 936 602 subtraxerint,
992 556 1216 589 censura
1270 537 1432 588 simili
1485 534 1850 603 appellatione
1899 543 2143 586 cessante

156 622 446 688 compellas
476 621 700 675 veritati
727 621 1106 674 testimonium
1150 620 1448 688 perhibere.
1483 619 1605 670 Non
1634 617 1984 670 obstantibus
2028 627 2144 668 tam

156 706 222 757 de
261 706 474 757 duabus
513 706 672 758 dietis
710 706 768 758 in
806 706 1032 757 concilio
1073 704 1323 771 generali,
1365 722 1531 770 quam
1569 697 1736 753 felicis
1753 699 2142 752 recordationis

98 791 102 795 ’
156 788 421 840 Bonifacii
458 806 598 856 pape
637 789 775 840 VIII
813 787 1202 856 predecessoris
1239 786 1413 838 nostri
1449 804 1555 852 qua
1593 786 1735 836 inter
1771 792 1947 835 cetera
1987 800 2143 834 cave·

156 881 248 922 tur
283 889 349 923 ne
386 871 581 939 aliquis
617 883 774 924 extra
811 890 967 924 suam
1006 870 1290 922 civitatem
1326 870 1412 920 vel
1449 868 1723 930 diocesim,
1762 867 1863 918 nisi
1900 866 1955 916 in
1984 865 2143 916 certis

90 942 97 947 ⁸
155 954 397 1022 exeeptis
426 953 659 1018 casibus,
687 965 744 1006 et
771 954 826 1006 in
853 954 956 1006 illis
984 964 1139 1005 extra
1170 971 1335 1004 unam
1365 952 1571 1004 dietam
1598 970 1628 1003 a
1662 951 1767 1013 fine
1796 967 1899 1000 suet
1918 947 2143 1002 diocesis

154 1037 223 1088 ad
274 1037 535 1088 iudicium
582 1047 868 1098 evocetur3
917 1048 974 1087 et
1023 1036 1359 1103 quibuslibet
1408 1035 1524 1085 aliis
1576 1031 2060 1085 constitutionibus
2111 1050 2140 1081 a

155 1121 621 1187 predecessoribus
654 1121 852 1172 nostris
883 1119 1122 1171 romanis
1169 1118 1520 1186 pontificibus
1554 1117 1608 1167 in
1654 1115 1987 1167 contrarium
2032 1113 2142 1164 edi·

86 1219 87 1222 ’
155 1201 246 1263 tis,
286 1220 380 1269 per
418 1222 553 1269 quas
591 1213 684 1254 tue
722 1203 1108 1255 iurisdictionis
1146 1201 1438 1269 explicatio
1480 1200 1650 1267 possit
1687 1217 1848 1266 super
1886 1196 2140 1264 predictis

151 1286 567 1352 quomodolibet
602 1286 868 1354 impediri.
911 1287 1014 1338 Seu
1053 1287 1097 1338 si
1134 1285 1406 1352 aliquibus
1459 1283 1819 1335 communiter
1869 1281 1956 1332 vel
2005 1278 2142 1331 divi-

146 1367 258 1432 sim
295 1387 327 1420 a
369 1370 503 1420 Sede
541 1369 613 1421 sit
649 1370 926 1422 indultum
965 1370 1155 1421 eadem
1195 1369 1341 1435 quod
1374 1365 1850 1427 excommunicari,
1884 1362 2141 1430 suspendi

149 1434 241 1502 xvel
284 1451 533 1503 interdici
562 1471 672 1504 non
699 1452 911 1520 possint
932 1471 1025 1520 per
1052 1453 1263 1503 litteras
1281 1451 1608 1518 apostolicas
1625 1469 1735 1501 non
1751 1449 2009 1501 facientes
2034 1447 2140 1512 ple-

128 1552 290 1586 -nam
326 1545 383 1585 et
417 1553 728 1603 expressam
744 1555 808 1588 ac
844 1537 911 1587 de
947 1538 1113 1587 verbo
1150 1536 1220 1587 ad
1241 1536 1469 1585 verbum
1507 1536 1573 1585 de
1601 1535 1814 1586 indulto
1831 1534 2140 1587 huiusmodi

151 1617 507 1670 mentionem.
545 1647 615 1657 -—·
650 1621 856 1671 Datum
894 1619 1168 1682 Avinioni‚
1220 1618 1462 1669 kalendis
1498 1618 1648 1681 iunii,
1685 1637 1828 1670 anno
1845 1619 2028 1670 tercio·

99 1787 102 1790 ⁴
219 1756 261 1798 1.
290 1756 435 1799 Amiel
457 1759 513 1800 de
535 1758 741 1812 Lautroe,
763 1760 878 1802 abbe
901 1760 956 1802 de
978 1759 1284 1814 Saint-Sernin
1307 1761 1362 1802 de
1384 1757 1620 1811 Toulouse,
1643 1758 1695 1800 O.
1721 1758 1762 1799 S.
1788 1759 1858 1811 A„
1882 1758 1951 1800 elu
1975 1759 2145 1812 &veque

16 1859 20 1869 .
110 1831 111 1834 ’
153 1826 209 1869 de
237 1825 427 1880 castren,
455 1827 495 1869 le
523 1829 549 1871 5
577 1829 810 1872 decembre
838 1829 971 1879 132&
1000 1837 1120 1871 mort
1149 1843 1203 1870 en
1233 1830 1361 1882 1337,
1390 1837 1515 1871 entre
1542 1828 1639 1882 juin
1669 1835 1715 1869 et
1742 1829 1991 1869 decembre.
2027 1827 2140 1869 Gall.

22 1887 24 1890 ’
95 1908 99 1912 v
152 1894 314 1946 curin..
335 1904 370 1938 t.
394 1910 426 1949 ι,
448 1896 531 1939 001.
553 1898 846 1947 67-68311521.
868 1898 920 1940 aa
938 1899 1095 1951 Lang„
1119 1906 1152 1940 t.
1178 1913 1244 1951 η,
1266 1913 1309 1953 p.
1333 1900 1437 1946 372;
1463 1898 1620 1951 Eubol,
1641 1898 1783 1949 mer„
1807 1905 1839 1938 t.
1865 1912 1895 1949 ι,
1918 1911 1961 1951 p.
1986 1898 2080 1938 179.

21 2016 24 2026 Ι
109 1964 116 1969 “
207 1964 248 2006 2.
282 1965 626 2008 Probablement
652 1967 844 2009 Guillem
873 1968 1077 2021 Fennsse,
1106 1969 1175 2009 dit
1200 1967 1242 2010 le
1271 1968 1480 2021 Bosteux,
1507 1969 1621 2009 dont
1648 1968 1686 2008 le
1729 1970 1881 2021 proces
1923 1973 2144 2007 remonte·

20 2038 22 2068 ἓ
159 2033 250 2077 rsit
267 2036 293 2077 ὁ
314 2035 407 2078 l'an
427 2036 553 2078 1300.
578 2037 760 2089 Douais,
778 2037 1054 2091 Documento,
1073 2045 1176 2092 etc„
1197 2053 1240 2093 p.
1264 2052 1371 2090 xcv,
1394 2051 1547 2078 cxciv.
1570 2037 1635 2079 Cf.
1659 2052 1701 2079 u.
1722 2039 1765 2089 3,
1787 2044 1892 2078 note
1912 2036 1952 2077 1.

125 2134 139 2140 -
216 2104 258 2146 3.
291 2104 459 2159 Depuis
486 2104 575 2148 l’an
602 2107 729 2159 1300,
756 2107 825 2148 six
851 2107 1139 2162 inquisiteurs
1165 2107 1349 2149 avaient
1376 2109 1502 2161 passe
1530 2108 1556 2147 ὲ
1584 2107 1626 2148 la
1655 2109 1746 2148 tete
1774 2107 1835 2148 du
1864 2105 2058 2147 tribunal
2086 2106 2142 2147 de

107 2211 111 2217 .
139 2219 142 2222 Δ
274 2195 277 2197 -
314 2188 452 2216 senne
477 2190 486 2215 :
515 2175 691 2218 Nicolas
714 2177 1012 2231 d'Abbeville‚
1035 2177 1229 2219 Geossroi
1252 2178 1440 2228 d’Ablis,
1464 2177 1578 2218 Jean
1602 2177 1656 2218 de
1680 2177 1873 2229 Beaune,
1909 2175 2024 2217 Jean
2049 2175 2141 2215 Du-

112 2242 269 2298 '‘ps-nt,
299 2243 436 2285 Henri
465 2244 520 2286 de
549 2244 749 2299 Chamay
777 2254 824 2287 et
850 2246 1029 2300 Aymon
1058 2247 1113 2288 de
1142 2246 1379 2289 Caumont.
1414 2246 1449 2287 11
1478 2246 1644 2287 semble
1673 2259 1759 2299 que
1788 2259 1836 2287 ce
1864 2244 1952 2286 soit
1979 2244 2034 2285 de
2062 2258 2132 2285 ces

126 2311 131 2315 ’
149 2309 269 2354 doux
289 2313 484 2355 derniers
504 2327 591 2368 que
611 2314 864 2357 Guillaume
885 2316 1090 2368 Fenasse,
1112 2316 1151 2357 le
1171 2316 1319 2370 jeune,
1340 2316 1406 2357 ait
1427 2330 1482 2357 eu
1503 2316 1542 2356 le
1563 2315 1663 2370 plus
1698 2316 1723 2355 a
1744 2329 1791 2356 se
1811 2314 2025 2369 plaindre.

972 2669 1050 2679 -—
1094 2635 1302 2696 16⁷—

142 2801 152 2807 ‘
218 2786 406 2838 Benolt
432 2786 556 2838 XII
583 2806 756 2853 presse
782 2789 854 2839 les
880 2793 1088 2856 ένὲᾳιιεε
1115 2789 1175 2839 de
1203 2789 1458 2856 Quimper
1483 2800 1527 2839 et
1553 2789 1613 2839 de
1650 2790 1858 2840 Vannes
1885 2789 2134 2840 d’accom-

133 2866 255 2936 ’μὲν
284 2869 338 2920 la
368 2869 706 2921 commi-saion
739 2890 884 2932 tecue
916 2873 989 2922 du
1020 2891 1159 2939 pape
1190 2873 1323 2923 dans
1357 2872 1579 2938 l’affaire
1612 2873 1672 2922 de
1708 2873 1872 2922 Her-ve
1904 2873 1964 2922 de
2013 2874 2133 2924 Tre-

143 2951 343 3004 valloet.
381 2953 460 3005 11⁸
491 2954 717 3016 devront,
754 2974 818 3006 en
852 2955 1175 3021 particulier,
1213 2956 1415 3006 re'duire
1449 2959 1481 3006 ὰ
1515 2957 1575 3006 de
1607 2956 1769 3020 justes
1803 2955 2134 3021 proportione

131 3086 138 3107 ⁷·
249 3035 559 3088 indemnite‘s
589 3037 789 3104 exige'es
820 3058 919 3106 par
950 3041 1020 3090 les
1052 3040 1270 3091 te'moins
1302 3059 1436 3106 pour
1465 3059 1518 3090 se
1548 3040 1728 3090 rendre
1759 3044 1948 3105 aupres
1979 3039 2040 3089 de
2083 3028 2137 3089 la‘

136 3124 141 3125 ⁷
192 3118 322 3171 urie.
356 3148 425 3156 —
457 3119 726 3187 Avignon‚
761 3122 826 3173 22
858 3122 976 3188 juin
1013 3123 1163 3174 1337.

334 3289 339 3294 ,
484 3245 588 3299 Reg.
631 3245 744 3300 Vah,
781 3254 814 3289 t.
854 3261 1021 3300 cxxiii,
1059 3263 1101 3289 n.
1139 3250 1242 3297 362;
1282 3249 1612 3301 Vidakziffaire
1647 3249 1993 3299 duramentum,
2031 3255 2137 3290 etc.»

427 3314 539 3356 dans
566 3313 761 3357 Annales
787 3316 838 3357 de
864 3317 1090 3371 Balagrae,
1117 3317 1263 3371 juillet
1290 3319 1416 3371 1903,
1446 3333 1487 3372 p.
1519 3319 1601 3359 499
1633 3318 1698 3370 (in
1724 3317 1838 3370 ext).

40 3451 54 3465 -›
194 3422 624 3493 .Venerabilibus
660 3426 968 3479 fratribus..
1005 3428 1358 3495 Corisopiten.
1403 3439 1457 3479 et
1478 3468 1508 3479 ..
1558 3424 1815 3479 Veneten'.
1846 3428 2130 3495 episcopis,

51 3529 59 3538 >
131 3526 148 3543 ν
191 3563 197 3569 ,
229 3516 397 3570 utem,
427 3517 485 3559 et
514 3517 710 3561 cetera.
742 3537 813 3547 —
844 3510 1029 3578 Nuper
1059 3511 1254 3563 nobilis
1285 3512 1388 3563 viri
1422 3511 1638 3574 Hervei,
1671 3511 1878 3563 domini
1908 3511 1974 3562 de
2005 3512 2129 3563 Tree

70 3600 73 3605 '
123 3587 369 3652 'vallosa
405 3601 461 3642 et
501 3591 683 3644 lvonis
718 3593 944 3655 Boseuc,
981 3594 1262 3646 familiaris
1298 3594 1483 3661 ipsius,
1523 3594 1876 3660 Corisopiten.
1915 3604 1970 3644 et
2000 3595 2129 3645 Leo-

57 3725 67 3740 :
134 3682 272 3743 panem.
310 3672 604 3736 diocesum,
642 3676 1030 3743 conquestione
1069 3678 1405 3743 percepimus
1445 3679 1589 3743 quod
1629 3695 1788 3743 super
1826 3696 1985 3728 causa
2026 3696 2129 3742 que

61 3743 77 3825 ¹J
134 3751 290 3808 inter
332 3774 439 3818 eos,
485 3774 552 3807 ex
599 3768 752 3825 parte
801 3778 925 3821 una,
972 3770 1028 3809 et
1073 3760 1298 3811 dilectos
1348 3761 1483 3811 filios
1531 3762 1838 3812 Johannem
1886 3761 2130 3811 Aufredb
