<?xml version="1.0" encoding="UTF-8"?>
<!DOCTYPE html PUBLIC "-//W3C//DTD XHTML 1.0 Transitional//EN"
    "http://www.w3.org/TR/xhtml1/DTD/xhtml1-transitional.dtd">
<html xmlns="http://www.w3.org/1999/xhtml" xml:lang="en" lang="en">
 <head>
  <title>
</title>
<meta http-equiv="Content-Type" content="text/html;charset=utf-8" />
  <meta name='ocr-system' content='tesseract 3.04.00' />
  <meta name='ocr-capabilities' content='ocr_page ocr_carea ocr_par ocr_line ocrx_word'/>
</head>
<body>
  <div class='ocr_page' id='page_1' title='image "./bullairedelinqui00cathuoft_0340.png"; bbox 0 0 2540 4354; ppageno 0'>
   <div class='ocr_carea' id='block_1_1' title="bbox 412 372 2013 433">
    <p class='ocr_par' dir='ltr' id='par_1_1' title="bbox 412 372 2013 433">
     <span class='ocr_line' id='line_1_1' title="bbox 412 372 2013 433; baseline -0.004 -7"><span class='ocrx_word' id='word_1_1' title='bbox 412 377 514 426; x_wconf 87' lang='grc'>246</span> <span class='ocrx_word' id='word_1_2' title='bbox 803 392 1088 426; x_wconf 67' lang='lat' dir='ltr'>nnuman</span> <span class='ocrx_word' id='word_1_3' title='bbox 1117 392 1191 423; x_wconf 69' lang='lat' dir='ltr'>nt:</span> <span class='ocrx_word' id='word_1_4' title='bbox 1235 372 1650 433; x_wconf 75' lang='lat' dir='ltr'><strong>L&#39;INQUISITION</strong></span> <span class='ocrx_word' id='word_1_5' title='bbox 1695 387 2013 430; x_wconf 63' lang='lat' dir='ltr'>mursense</span> 
     </span>
    </p>
   </div>
   <div class='ocr_carea' id='block_1_2' title="bbox 401 490 2417 1158">
    <p class='ocr_par' dir='ltr' id='par_1_2' title="bbox 401 490 2417 1158">
     <span class='ocr_line' id='line_1_2' title="bbox 407 490 2417 573; baseline -0 -14"><span class='ocrx_word' id='word_1_6' title='bbox 407 508 705 568; x_wconf 90' lang='lat' dir='ltr'>videbitur,</span> <span class='ocrx_word' id='word_1_7' title='bbox 737 506 1056 573; x_wconf 89' lang='lat' dir='ltr'>simpliciter</span> <span class='ocrx_word' id='word_1_8' title='bbox 1095 516 1151 556; x_wconf 88' lang='lat' dir='ltr'>et</span> <span class='ocrx_word' id='word_1_9' title='bbox 1191 507 1256 556; x_wconf 93' lang='lat' dir='ltr'>de</span> <span class='ocrx_word' id='word_1_10' title='bbox 1297 506 1459 572; x_wconf 88' lang='lat' dir='ltr'>plano</span> <span class='ocrx_word' id='word_1_11' title='bbox 1501 506 1613 556; x_wconf 92' lang='lat' dir='ltr'>sine</span> <span class='ocrx_word' id='word_1_12' title='bbox 1653 503 1887 570; x_wconf 87' lang='lat' dir='ltr'>strepitu</span> <span class='ocrx_word' id='word_1_13' title='bbox 1926 514 1982 553; x_wconf 91' lang='lat' dir='ltr'>et</span> <span class='ocrx_word' id='word_1_14' title='bbox 2023 505 2193 570; x_wconf 86' lang='lat' dir='ltr'>figura</span> <span class='ocrx_word' id='word_1_15' title='bbox 2234 490 2417 558; x_wconf 83' lang='lat' dir='ltr'>iudicii</span> 
     </span>
     <span class='ocr_line' id='line_1_3' title="bbox 406 589 2415 656; baseline 0 -15"><span class='ocrx_word' id='word_1_16' title='bbox 406 592 700 642; x_wconf 86' lang='lat' dir='ltr'>veritatem</span> <span class='ocrx_word' id='word_1_17' title='bbox 757 589 1076 655; x_wconf 85' lang='lat' dir='ltr'>diligentius</span> <span class='ocrx_word' id='word_1_18' title='bbox 1130 590 1420 655; x_wconf 87' lang='lat' dir='ltr'>inquiratis</span> <span class='ocrx_word' id='word_1_19' title='bbox 1475 589 1735 640; x_wconf 81' lang='lat' dir='ltr'><strong>facientes</strong></span> <span class='ocrx_word' id='word_1_20' title='bbox 1791 606 1924 654; x_wconf 89' lang='lat' dir='ltr'>quos</span> <span class='ocrx_word' id='word_1_21' title='bbox 1980 589 2276 656; x_wconf 83' lang='lat' dir='ltr'>culpabiles</span> <span class='ocrx_word' id='word_1_22' title='bbox 2330 593 2415 642; x_wconf 91' lang='lat' dir='ltr'>vel</span> 
     </span>
     <span class='ocr_line' id='line_1_4' title="bbox 402 672 2413 742; baseline -0 -16"><span class='ocrx_word' id='word_1_23' title='bbox 402 686 684 742; x_wconf 87' lang='lat' dir='ltr'>suspectos</span> <span class='ocrx_word' id='word_1_24' title='bbox 736 675 799 724; x_wconf 93' lang='lat' dir='ltr'>de</span> <span class='ocrx_word' id='word_1_25' title='bbox 854 674 1129 740; x_wconf 86' lang='lat' dir='ltr'>premissis</span> <span class='ocrx_word' id='word_1_26' title='bbox 1177 673 1483 740; x_wconf 86' lang='lat' dir='ltr'>repereritis</span> <span class='ocrx_word' id='word_1_27' title='bbox 1533 673 1796 724; x_wconf 88' lang='lat' dir='ltr'>custodiri</span> <span class='ocrx_word' id='word_1_28' title='bbox 1843 672 2126 738; x_wconf 82' lang='lat' dir='ltr'>diligenter</span> <span class='ocrx_word' id='word_1_29' title='bbox 2173 684 2227 723; x_wconf 92' lang='lat' dir='ltr'>et</span> <span class='ocrx_word' id='word_1_30' title='bbox 2275 684 2413 738; x_wconf 84' lang='lat' dir='ltr'>tute,</span> 
     </span>
     <span class='ocr_line' id='line_1_5' title="bbox 403 757 2416 811; baseline -0 0"><span class='ocrx_word' id='word_1_31' title='bbox 403 762 574 811; x_wconf 90' lang='lat' dir='ltr'>donec</span> <span class='ocrx_word' id='word_1_32' title='bbox 621 777 718 809; x_wconf 94' lang='lat' dir='ltr'>nos</span> <span class='ocrx_word' id='word_1_33' title='bbox 767 759 932 808; x_wconf 88' lang='lat' dir='ltr'>aliter</span> <span class='ocrx_word' id='word_1_34' title='bbox 977 758 1116 809; x_wconf 84' lang='lat' dir='ltr'>circa</span> <span class='ocrx_word' id='word_1_35' title='bbox 1162 759 1260 809; x_wconf 93' lang='lat' dir='ltr'>hec</span> <span class='ocrx_word' id='word_1_36' title='bbox 1318 759 1632 809; x_wconf 90' lang='lat' dir='ltr'>duxerimus</span> <span class='ocrx_word' id='word_1_37' title='bbox 1692 757 2073 807; x_wconf 88' lang='lat' dir='ltr'>ordinandum.</span> <span class='ocrx_word' id='word_1_38' title='bbox 2135 760 2416 810; x_wconf 85' lang='lat' dir='ltr'>Contradi-</span> 
     </span>
     <span class='ocr_line' id='line_1_6' title="bbox 402 841 2415 910; baseline 0 -16"><span class='ocrx_word' id='word_1_39' title='bbox 402 854 574 894; x_wconf 93' lang='lat' dir='ltr'>ctores</span> <span class='ocrx_word' id='word_1_40' title='bbox 623 842 898 909; x_wconf 90' lang='lat' dir='ltr'>quoslibet</span> <span class='ocrx_word' id='word_1_41' title='bbox 958 852 1014 892; x_wconf 84' lang='lat' dir='ltr'>et</span> <span class='ocrx_word' id='word_1_42' title='bbox 1058 843 1282 893; x_wconf 85' lang='lat' dir='ltr'>rebelles</span> <span class='ocrx_word' id='word_1_43' title='bbox 1330 861 1423 909; x_wconf 93' lang='lat' dir='ltr'>per</span> <span class='ocrx_word' id='word_1_44' title='bbox 1470 861 1754 893; x_wconf 84' lang='lat' dir='ltr'>censuram</span> <span class='ocrx_word' id='word_1_45' title='bbox 1784 841 2203 892; x_wconf 86' lang='lat' dir='ltr'>ecclesiasticam</span> <span class='ocrx_word' id='word_1_46' title='bbox 2235 845 2415 910; x_wconf 84' lang='lat' dir='ltr'>appel-</span> 
     </span>
     <span class='ocr_line' id='line_1_7' title="bbox 405 927 2416 994; baseline 0.001 -17"><span class='ocrx_word' id='word_1_47' title='bbox 405 928 611 978; x_wconf 85' lang='lat' dir='ltr'>latione</span> <span class='ocrx_word' id='word_1_48' title='bbox 670 927 982 992; x_wconf 84' lang='lat' dir='ltr'>postposita</span> <span class='ocrx_word' id='word_1_49' title='bbox 1043 928 1455 994; x_wconf 79' lang='lat' dir='ltr'>compescendo,</span> <span class='ocrx_word' id='word_1_50' title='bbox 1522 928 1840 992; x_wconf 89' lang='lat' dir='ltr'>Inquestam</span> <span class='ocrx_word' id='word_1_51' title='bbox 1898 943 2026 976; x_wconf 90' lang='lat' dir='ltr'>vero</span> <span class='ocrx_word' id='word_1_52' title='bbox 2086 935 2140 975; x_wconf 86' lang='lat' dir='ltr'>et</span> <span class='ocrx_word' id='word_1_53' title='bbox 2160 928 2416 994; x_wconf 87' lang='lat' dir='ltr'>quicquid</span> 
     </span>
     <span class='ocr_line' id='line_1_8' title="bbox 401 1010 2417 1077; baseline 0.001 -16"><span class='ocrx_word' id='word_1_54' title='bbox 401 1012 455 1061; x_wconf 93' lang='lat' dir='ltr'>in</span> <span class='ocrx_word' id='word_1_55' title='bbox 502 1013 603 1062; x_wconf 88' lang='lat' dir='ltr'>hac</span> <span class='ocrx_word' id='word_1_56' title='bbox 651 1021 817 1077; x_wconf 93' lang='lat' dir='ltr'>parte</span> <span class='ocrx_word' id='word_1_57' title='bbox 866 1011 1101 1062; x_wconf 86' lang='lat' dir='ltr'>feceritis</span> <span class='ocrx_word' id='word_1_58' title='bbox 1149 1022 1206 1061; x_wconf 93' lang='lat' dir='ltr'>et</span> <span class='ocrx_word' id='word_1_59' title='bbox 1252 1011 1571 1062; x_wconf 89' lang='lat' dir='ltr'>inveneritis</span> <span class='ocrx_word' id='word_1_60' title='bbox 1616 1011 1774 1062; x_wconf 93' lang='lat' dir='ltr'>nobis</span> <span class='ocrx_word' id='word_1_61' title='bbox 1796 1010 2030 1060; x_wconf 87' lang='lat' dir='ltr'>fideliter</span> <span class='ocrx_word' id='word_1_62' title='bbox 2077 1021 2131 1060; x_wconf 93' lang='lat' dir='ltr'>et</span> <span class='ocrx_word' id='word_1_63' title='bbox 2178 1013 2417 1063; x_wconf 88' lang='lat' dir='ltr'>celeriter</span> 
     </span>
     <span class='ocr_line' id='line_1_9' title="bbox 401 1094 2416 1158; baseline 0.002 -14"><span class='ocrx_word' id='word_1_64' title='bbox 401 1095 814 1146; x_wconf 87' lang='lat' dir='ltr'>transmittatis.</span> <span class='ocrx_word' id='word_1_65' title='bbox 849 1124 919 1132; x_wconf 91' lang='lat'>—</span> <span class='ocrx_word' id='word_1_66' title='bbox 950 1097 1158 1146; x_wconf 87' lang='lat' dir='ltr'>Datum</span> <span class='ocrx_word' id='word_1_67' title='bbox 1198 1095 1473 1158; x_wconf 83' lang='lat' dir='ltr'>Avinioni‚</span> <span class='ocrx_word' id='word_1_68' title='bbox 1505 1115 1538 1145; x_wconf 85' lang='lat' dir='ltr'>v</span> <span class='ocrx_word' id='word_1_69' title='bbox 1569 1095 1830 1146; x_wconf 87' lang='lat' dir='ltr'>kalendas</span> <span class='ocrx_word' id='word_1_70' title='bbox 1861 1094 2007 1157; x_wconf 84' lang='lat' dir='ltr'>maii,</span> <span class='ocrx_word' id='word_1_71' title='bbox 2039 1114 2180 1145; x_wconf 91' lang='lat' dir='ltr'>anno</span> <span class='ocrx_word' id='word_1_72' title='bbox 2199 1097 2363 1146; x_wconf 91' lang='lat' dir='ltr'>tercio</span> <span class='ocrx_word' id='word_1_73' title='bbox 2379 1096 2416 1148; x_wconf 79' lang='lat'>5.</span> 
     </span>
    </p>
   </div>
   <div class='ocr_carea' id='block_1_3' title="bbox 395 1276 2418 1952">
    <p class='ocr_par' dir='ltr' id='par_1_3' title="bbox 398 1276 2418 1543">
     <span class='ocr_line' id='line_1_10' title="bbox 461 1276 2418 1332; baseline 0.002 -15"><span class='ocrx_word' id='word_1_74' title='bbox 461 1278 500 1317; x_wconf 90' lang='lat'>1.</span> <span class='ocrx_word' id='word_1_75' title='bbox 533 1276 720 1318; x_wconf 88' lang='lat' dir='ltr'>Arnaud</span> <span class='ocrx_word' id='word_1_76' title='bbox 753 1278 808 1318; x_wconf 91' lang='lat' dir='ltr'>de</span> <span class='ocrx_word' id='word_1_77' title='bbox 841 1277 1047 1330; x_wconf 74' lang='lat' dir='ltr'>Verdale,</span> <span class='ocrx_word' id='word_1_78' title='bbox 1080 1277 1316 1331; x_wconf 87' lang='lat' dir='ltr'>chapelain</span> <span class='ocrx_word' id='word_1_79' title='bbox 1349 1279 1404 1318; x_wconf 90' lang='lat' dir='ltr'>de</span> <span class='ocrx_word' id='word_1_80' title='bbox 1436 1279 1599 1319; x_wconf 82' lang='lat' dir='ltr'>Benoit</span> <span class='ocrx_word' id='word_1_81' title='bbox 1631 1278 1740 1328; x_wconf 92' lang='lat' dir='ltr'>XII,</span> <span class='ocrx_word' id='word_1_82' title='bbox 1761 1292 1922 1332; x_wconf 91' lang='lat' dir='ltr'>promu</span> <span class='ocrx_word' id='word_1_83' title='bbox 1955 1292 2036 1332; x_wconf 87' lang='lat' dir='ltr'>par</span> <span class='ocrx_word' id='word_1_84' title='bbox 2068 1278 2126 1318; x_wconf 90' lang='lat' dir='ltr'>lui</span> <span class='ocrx_word' id='word_1_85' title='bbox 2162 1279 2188 1318; x_wconf 77' lang='lat' dir='ltr'>a</span> <span class='ocrx_word' id='word_1_86' title='bbox 2219 1278 2418 1320; x_wconf 68' lang='lat' dir='ltr'>l’evechd</span> 
     </span>
     <span class='ocr_line' id='line_1_11' title="bbox 400 1347 2415 1402; baseline 0 -14"><span class='ocrx_word' id='word_1_87' title='bbox 400 1348 454 1388; x_wconf 87' lang='lat' dir='ltr'>de</span> <span class='ocrx_word' id='word_1_88' title='bbox 480 1347 791 1400; x_wconf 87' lang='lat' dir='ltr'>Maguelonne,</span> <span class='ocrx_word' id='word_1_89' title='bbox 816 1347 855 1388; x_wconf 91' lang='lat' dir='ltr'>le</span> <span class='ocrx_word' id='word_1_90' title='bbox 880 1348 933 1388; x_wconf 84' lang='lat'>15</span> <span class='ocrx_word' id='word_1_91' title='bbox 959 1362 1079 1388; x_wconf 89' lang='lat' dir='ltr'>mars</span> <span class='ocrx_word' id='word_1_92' title='bbox 1104 1348 1230 1400; x_wconf 32' lang='lat'>1339,</span> <span class='ocrx_word' id='word_1_93' title='bbox 1257 1355 1379 1388; x_wconf 86' lang='lat' dir='ltr'>mort</span> <span class='ocrx_word' id='word_1_94' title='bbox 1401 1348 1441 1388; x_wconf 93' lang='lat' dir='ltr'>le</span> <span class='ocrx_word' id='word_1_95' title='bbox 1468 1349 1520 1389; x_wconf 89' lang='lat'>23</span> <span class='ocrx_word' id='word_1_96' title='bbox 1547 1349 1783 1389; x_wconf 76' lang='lat' dir='ltr'>decembre</span> <span class='ocrx_word' id='word_1_97' title='bbox 1807 1348 1934 1389; x_wconf 85' lang='lat'>1352.</span> <span class='ocrx_word' id='word_1_98' title='bbox 1967 1347 2078 1389; x_wconf 74' lang='lat' dir='ltr'>Gall.</span> <span class='ocrx_word' id='word_1_99' title='bbox 2104 1348 2266 1402; x_wconf 60' lang='lat' dir='ltr'>christ„</span> <span class='ocrx_word' id='word_1_100' title='bbox 2291 1356 2324 1390; x_wconf 84' lang='lat' dir='ltr'>t.</span> <span class='ocrx_word' id='word_1_101' title='bbox 2349 1364 2415 1401; x_wconf 80' lang='lat' dir='ltr'>v1,</span> 
     </span>
     <span class='ocr_line' id='line_1_12' title="bbox 400 1417 2414 1471; baseline 0.001 -14"><span class='ocrx_word' id='word_1_102' title='bbox 400 1418 482 1458; x_wconf 91' lang='lat' dir='ltr'>col.</span> <span class='ocrx_word' id='word_1_103' title='bbox 509 1418 717 1466; x_wconf 84' lang='lat'>783-786;</span> <span class='ocrx_word' id='word_1_104' title='bbox 744 1417 970 1470; x_wconf 87' lang='lat' dir='ltr'>Germain,</span> <span class='ocrx_word' id='word_1_105' title='bbox 993 1417 1182 1459; x_wconf 85' lang='lat' dir='ltr'>Arnaud</span> <span class='ocrx_word' id='word_1_106' title='bbox 1203 1418 1253 1459; x_wconf 85' lang='lat' dir='ltr'>de</span> <span class='ocrx_word' id='word_1_107' title='bbox 1278 1418 1474 1469; x_wconf 77' lang='lat' dir='ltr'>Ver-dale,</span> <span class='ocrx_word' id='word_1_108' title='bbox 1497 1419 1647 1471; x_wconf 60' lang='lat' dir='ltr'>ducque</span> <span class='ocrx_word' id='word_1_109' title='bbox 1668 1425 1705 1459; x_wconf 78' lang='lat' dir='ltr'>et</span> <span class='ocrx_word' id='word_1_110' title='bbox 1728 1418 2012 1471; x_wconf 84' lang='lat' dir='ltr'>chroniqueur</span> <span class='ocrx_word' id='word_1_111' title='bbox 2037 1417 2215 1471; x_wconf 64' lang='lat' dir='ltr'>(Socidte&#39;</span> <span class='ocrx_word' id='word_1_112' title='bbox 2236 1419 2414 1460; x_wconf 84' lang='lat' dir='ltr'>arche&#39;ol.</span> 
     </span>
     <span class='ocr_line' id='line_1_13' title="bbox 398 1486 2357 1543; baseline 0.001 -16"><span class='ocrx_word' id='word_1_113' title='bbox 398 1488 450 1528; x_wconf 80' lang='lat' dir='ltr'>de</span> <span class='ocrx_word' id='word_1_114' title='bbox 468 1486 786 1541; x_wconf 79' lang='lat' dir='ltr'>Montpellier),</span> <span class='ocrx_word' id='word_1_115' title='bbox 807 1502 851 1541; x_wconf 89' lang='lat' dir='ltr'>p.</span> <span class='ocrx_word' id='word_1_116' title='bbox 873 1489 997 1536; x_wconf 78' lang='lat'><strong>2-403</strong></span> <span class='ocrx_word' id='word_1_117' title='bbox 1018 1488 1137 1529; x_wconf 80' lang='lat' dir='ltr'>Hist.</span> <span class='ocrx_word' id='word_1_118' title='bbox 1158 1488 1209 1529; x_wconf 79' lang='lat' dir='ltr'>de</span> <span class='ocrx_word' id='word_1_119' title='bbox 1227 1489 1385 1541; x_wconf 83' lang='lat' dir='ltr'>Lang.,</span> <span class='ocrx_word' id='word_1_120' title='bbox 1407 1495 1440 1529; x_wconf 83' lang='lat' dir='ltr'>t.</span> <span class='ocrx_word' id='word_1_121' title='bbox 1463 1503 1530 1541; x_wconf 79' lang='lat' dir='ltr'>lx,</span> <span class='ocrx_word' id='word_1_122' title='bbox 1551 1503 1594 1542; x_wconf 89' lang='lat' dir='ltr'>p.</span> <span class='ocrx_word' id='word_1_123' title='bbox 1617 1490 1720 1536; x_wconf 74' lang='lat'>6323</span> <span class='ocrx_word' id='word_1_124' title='bbox 1746 1490 1903 1540; x_wconf 78' lang='lat' dir='ltr'>Euhel,</span> <span class='ocrx_word' id='word_1_125' title='bbox 1923 1489 2063 1541; x_wconf 62' lang='lat' dir='ltr'>Hier„</span> <span class='ocrx_word' id='word_1_126' title='bbox 2086 1496 2119 1529; x_wconf 89' lang='lat' dir='ltr'>t.</span> <span class='ocrx_word' id='word_1_127' title='bbox 2142 1503 2173 1541; x_wconf 88' lang='lat'>1,</span> <span class='ocrx_word' id='word_1_128' title='bbox 2194 1503 2237 1543; x_wconf 87' lang='lat' dir='ltr'>p.</span> <span class='ocrx_word' id='word_1_129' title='bbox 2259 1490 2357 1530; x_wconf 85' lang='lat'>334.</span> 
     </span>
    </p>

    <p class='ocr_par' dir='ltr' id='par_1_4' title="bbox 398 1557 2410 1681">
     <span class='ocr_line' id='line_1_14' title="bbox 458 1557 2410 1612; baseline 0.003 -15"><span class='ocrx_word' id='word_1_130' title='bbox 458 1559 498 1597; x_wconf 91' lang='lat'>2.</span> <span class='ocrx_word' id='word_1_131' title='bbox 532 1557 1152 1599; x_wconf 84' lang='lat' dir='ltr'>Saint-Paul-de-Fenouillet</span> <span class='ocrx_word' id='word_1_132' title='bbox 1180 1557 1726 1612; x_wconf 75' lang='lat' dir='ltr'>(Pyrenees-Orientales),</span> <span class='ocrx_word' id='word_1_133' title='bbox 1754 1559 1964 1599; x_wconf 83' lang='lat' dir='ltr'>chef—lieu</span> <span class='ocrx_word' id='word_1_134' title='bbox 1989 1560 2044 1600; x_wconf 89' lang='lat' dir='ltr'>de</span> <span class='ocrx_word' id='word_1_135' title='bbox 2070 1567 2208 1611; x_wconf 67' lang='lat' dir='ltr'>cant„</span> <span class='ocrx_word' id='word_1_136' title='bbox 2234 1562 2410 1604; x_wconf 89' lang='lat' dir='ltr'>arrond.</span> 
     </span>
     <span class='ocr_line' id='line_1_15' title="bbox 398 1627 750 1681; baseline 0.003 -13"><span class='ocrx_word' id='word_1_137' title='bbox 398 1628 453 1668; x_wconf 92' lang='lat' dir='ltr'>de</span> <span class='ocrx_word' id='word_1_138' title='bbox 485 1627 750 1681; x_wconf 84' lang='lat' dir='ltr'>Perpignan.</span> 
     </span>
    </p>

    <p class='ocr_par' dir='ltr' id='par_1_5' title="bbox 458 1698 1943 1753">
     <span class='ocr_line' id='line_1_16' title="bbox 458 1698 1943 1753; baseline 0.003 -15"><span class='ocrx_word' id='word_1_139' title='bbox 458 1699 498 1738; x_wconf 91' lang='lat'>3.</span> <span class='ocrx_word' id='word_1_140' title='bbox 533 1698 684 1739; x_wconf 86' lang='lat' dir='ltr'>Lunas</span> <span class='ocrx_word' id='word_1_141' title='bbox 714 1698 957 1752; x_wconf 76' lang='lat' dir='ltr'>(Herault),</span> <span class='ocrx_word' id='word_1_142' title='bbox 984 1699 1194 1740; x_wconf 78' lang='lat' dir='ltr'>chef—lieu</span> <span class='ocrx_word' id='word_1_143' title='bbox 1220 1701 1274 1740; x_wconf 93' lang='lat' dir='ltr'>de</span> <span class='ocrx_word' id='word_1_144' title='bbox 1300 1707 1438 1753; x_wconf 57' lang='lat' dir='ltr'>cant,</span> <span class='ocrx_word' id='word_1_145' title='bbox 1464 1701 1642 1742; x_wconf 87' lang='lat' dir='ltr'>arrond.</span> <span class='ocrx_word' id='word_1_146' title='bbox 1670 1702 1724 1741; x_wconf 93' lang='lat' dir='ltr'>de</span> <span class='ocrx_word' id='word_1_147' title='bbox 1750 1701 1943 1742; x_wconf 75' lang='lat' dir='ltr'>Lodcve.</span> 
     </span>
    </p>

    <p class='ocr_par' dir='ltr' id='par_1_6' title="bbox 395 1767 2413 1880">
     <span class='ocr_line' id='line_1_17' title="bbox 459 1767 2413 1827; baseline 0.004 -19"><span class='ocrx_word' id='word_1_148' title='bbox 459 1769 499 1808; x_wconf 84' lang='lat'>4.</span> <span class='ocrx_word' id='word_1_149' title='bbox 535 1767 697 1809; x_wconf 74' lang='lat' dir='ltr'>Per-ieis</span> <span class='ocrx_word' id='word_1_150' title='bbox 737 1768 981 1822; x_wconf 73' lang='lat' dir='ltr'>(Herault)‚</span> <span class='ocrx_word' id='word_1_151' title='bbox 1018 1770 1211 1810; x_wconf 83' lang='lat' dir='ltr'>hameau</span> <span class='ocrx_word' id='word_1_152' title='bbox 1249 1771 1361 1811; x_wconf 91' lang='lat' dir='ltr'>dans</span> <span class='ocrx_word' id='word_1_153' title='bbox 1400 1770 1578 1823; x_wconf 89' lang='lat' dir='ltr'>Nissan,</span> <span class='ocrx_word' id='word_1_154' title='bbox 1615 1779 1735 1812; x_wconf 86' lang='lat' dir='ltr'>cant.</span> <span class='ocrx_word' id='word_1_155' title='bbox 1774 1773 1828 1812; x_wconf 93' lang='lat' dir='ltr'>de</span> <span class='ocrx_word' id='word_1_156' title='bbox 1861 1772 2131 1827; x_wconf 87' lang='lat' dir='ltr'>Capestang‚</span> <span class='ocrx_word' id='word_1_157' title='bbox 2161 1775 2338 1815; x_wconf 89' lang='lat' dir='ltr'>arrond.</span> <span class='ocrx_word' id='word_1_158' title='bbox 2358 1775 2413 1816; x_wconf 89' lang='lat' dir='ltr'>de</span> 
     </span>
     <span class='ocr_line' id='line_1_18' title="bbox 395 1838 582 1880; baseline 0.011 -2"><span class='ocrx_word' id='word_1_159' title='bbox 395 1838 582 1880; x_wconf 78' lang='lat' dir='ltr'>Beziers.</span> 
     </span>
    </p>

    <p class='ocr_par' dir='ltr' id='par_1_7' title="bbox 457 1908 1576 1952">
     <span class='ocr_line' id='line_1_19' title="bbox 457 1908 1576 1952; baseline 0.003 -3"><span class='ocrx_word' id='word_1_160' title='bbox 457 1909 497 1949; x_wconf 90' lang='lat'>5.</span> <span class='ocrx_word' id='word_1_161' title='bbox 531 1908 638 1950; x_wconf 89' lang='lat' dir='ltr'>Voir</span> <span class='ocrx_word' id='word_1_162' title='bbox 667 1909 710 1951; x_wconf 87' lang='lat' dir='ltr'>la</span> <span class='ocrx_word' id='word_1_163' title='bbox 741 1909 859 1951; x_wconf 85' lang='lat' dir='ltr'>suite</span> <span class='ocrx_word' id='word_1_164' title='bbox 889 1911 945 1951; x_wconf 93' lang='lat' dir='ltr'>de</span> <span class='ocrx_word' id='word_1_165' title='bbox 976 1917 1095 1951; x_wconf 88' lang='lat' dir='ltr'>cette</span> <span class='ocrx_word' id='word_1_166' title='bbox 1125 1910 1281 1952; x_wconf 84' lang='lat' dir='ltr'>affaire</span> <span class='ocrx_word' id='word_1_167' title='bbox 1312 1925 1371 1952; x_wconf 86' lang='lat' dir='ltr'>au</span> <span class='ocrx_word' id='word_1_168' title='bbox 1402 1926 1444 1951; x_wconf 91' lang='lat' dir='ltr'>n.</span> <span class='ocrx_word' id='word_1_169' title='bbox 1478 1911 1576 1952; x_wconf 83' lang='lat'>168.</span> 
     </span>
    </p>
   </div>
   <div class='ocr_carea' id='block_1_4' title="bbox 1278 2329 1606 2390">
    <p class='ocr_par' dir='ltr' id='par_1_8' title="bbox 1278 2329 1606 2390">
     <span class='ocr_line' id='line_1_20' title="bbox 1278 2329 1606 2390; baseline -0.006 0"><span class='ocrx_word' id='word_1_170' title='bbox 1278 2329 1606 2390; x_wconf 85' lang='lat'>—165—</span> 
     </span>
    </p>
   </div>
   <div class='ocr_carea' id='block_1_5' title="bbox 396 2490 2412 2731">
    <p class='ocr_par' dir='ltr' id='par_1_9' title="bbox 396 2490 2412 2731">
     <span class='ocr_line' id='line_1_21' title="bbox 446 2490 2406 2561; baseline 0.004 -21"><span class='ocrx_word' id='word_1_171' title='bbox 446 2490 778 2541; x_wconf 84' lang='lat' dir='ltr'>·Guillaume</span> <span class='ocrx_word' id='word_1_172' title='bbox 816 2492 1082 2544; x_wconf 86' lang='lat' dir='ltr'>Lombard</span> <span class='ocrx_word' id='word_1_173' title='bbox 1119 2494 1273 2555; x_wconf 73' lang='lat' dir='ltr'>recoit</span> <span class='ocrx_word' id='word_1_174' title='bbox 1311 2493 1651 2544; x_wconf 64' lang='lat' dir='ltr'>commis-sion</span> <span class='ocrx_word' id='word_1_175' title='bbox 1689 2495 1749 2544; x_wconf 83' lang='lat' dir='ltr'>de</span> <span class='ocrx_word' id='word_1_176' title='bbox 1787 2495 1922 2560; x_wconf 71' lang='lat' dir='ltr'>faire</span> <span class='ocrx_word' id='word_1_177' title='bbox 1958 2495 2146 2561; x_wconf 80' lang='lat' dir='ltr'>justice</span> <span class='ocrx_word' id='word_1_178' title='bbox 2184 2497 2270 2547; x_wconf 81' lang='lat' dir='ltr'>des</span> <span class='ocrx_word' id='word_1_179' title='bbox 2309 2497 2406 2547; x_wconf 84' lang='lat' dir='ltr'>cri-</span> 
     </span>
     <span class='ocr_line' id='line_1_22' title="bbox 400 2575 2412 2647; baseline 0.004 -24"><span class='ocrx_word' id='word_1_180' title='bbox 400 2593 503 2624; x_wconf 80' lang='lat' dir='ltr'>mes</span> <span class='ocrx_word' id='word_1_181' title='bbox 543 2576 604 2625; x_wconf 81' lang='lat' dir='ltr'>de</span> <span class='ocrx_word' id='word_1_182' title='bbox 642 2575 790 2640; x_wconf 70' lang='lat' dir='ltr'>saum,</span> <span class='ocrx_word' id='word_1_183' title='bbox 833 2577 893 2626; x_wconf 86' lang='lat' dir='ltr'>de</span> <span class='ocrx_word' id='word_1_184' title='bbox 933 2590 1068 2643; x_wconf 83' lang='lat' dir='ltr'>rapt,</span> <span class='ocrx_word' id='word_1_185' title='bbox 1112 2579 1171 2628; x_wconf 82' lang='lat' dir='ltr'>de</span> <span class='ocrx_word' id='word_1_186' title='bbox 1212 2579 1332 2640; x_wconf 68' lang='lat' dir='ltr'>viol,</span> <span class='ocrx_word' id='word_1_187' title='bbox 1375 2578 1624 2628; x_wconf 79' lang='lat' dir='ltr'>d&#39;he&#39;re&#39;sie</span> <span class='ocrx_word' id='word_1_188' title='bbox 1665 2590 1709 2628; x_wconf 82' lang='lat' dir='ltr'>et</span> <span class='ocrx_word' id='word_1_189' title='bbox 1749 2580 2071 2645; x_wconf 82' lang='lat' dir='ltr'>d’apostasie</span> <span class='ocrx_word' id='word_1_190' title='bbox 2114 2581 2340 2647; x_wconf 65' lang='lat' dir='ltr'>imputes</span> <span class='ocrx_word' id='word_1_191' title='bbox 2380 2585 2412 2632; x_wconf 83' lang='grc' dir='ltr'><em>ὰ</em></span> 
     </span>
     <span class='ocr_line' id='line_1_23' title="bbox 396 2659 2411 2731; baseline 0.004 -23"><span class='ocrx_word' id='word_1_192' title='bbox 396 2659 537 2709; x_wconf 84' lang='lat' dir='ltr'>Jean</span> <span class='ocrx_word' id='word_1_193' title='bbox 569 2659 897 2726; x_wconf 78' lang='lat' dir='ltr'>Christophe,</span> <span class='ocrx_word' id='word_1_194' title='bbox 932 2681 1218 2728; x_wconf 80' lang='lat' dir='ltr'>procureur</span> <span class='ocrx_word' id='word_1_195' title='bbox 1251 2668 1443 2728; x_wconf 62' lang='lat' dir='ltr'>aupres</span> <span class='ocrx_word' id='word_1_196' title='bbox 1477 2664 1537 2713; x_wconf 81' lang='lat' dir='ltr'>de</span> <span class='ocrx_word' id='word_1_197' title='bbox 1571 2665 1623 2713; x_wconf 88' lang='lat' dir='ltr'>la</span> <span class='ocrx_word' id='word_1_198' title='bbox 1656 2664 1832 2715; x_wconf 80' lang='lat' dir='ltr'>Curie.</span> <span class='ocrx_word' id='word_1_199' title='bbox 1853 2665 2209 2731; x_wconf 90' lang='lat' dir='ltr'>—Avignon,</span> <span class='ocrx_word' id='word_1_200' title='bbox 2242 2668 2272 2716; x_wconf 87' lang='grc'>6</span> <span class='ocrx_word' id='word_1_201' title='bbox 2304 2666 2411 2717; x_wconf 87' lang='lat' dir='ltr'>mai</span> 
     </span>
    </p>
   </div>
   <div class='ocr_carea' id='block_1_6' title="bbox 394 2742 546 2794">
    <p class='ocr_par' dir='ltr' id='par_1_10' title="bbox 394 2742 546 2794">
     <span class='ocr_line' id='line_1_24' title="bbox 394 2742 546 2794; baseline 0.007 -1"><span class='ocrx_word' id='word_1_202' title='bbox 394 2742 546 2794; x_wconf 90' lang='lat'>1337.</span> 
     </span>
    </p>
   </div>
   <div class='ocr_carea' id='block_1_7' title="bbox 714 2879 2298 2938">
    <p class='ocr_par' dir='ltr' id='par_1_11' title="bbox 714 2879 2298 2938">
     <span class='ocr_line' id='line_1_25' title="bbox 714 2879 2298 2938; baseline 0.004 -18"><span class='ocrx_word' id='word_1_203' title='bbox 714 2879 819 2932; x_wconf 82' lang='lat' dir='ltr'>Reg.</span> <span class='ocrx_word' id='word_1_204' title='bbox 850 2880 965 2933; x_wconf 65' lang='lat' dir='ltr'>Vat„</span> <span class='ocrx_word' id='word_1_205' title='bbox 992 2888 1025 2922; x_wconf 90' lang='lat' dir='ltr'>t.</span> <span class='ocrx_word' id='word_1_206' title='bbox 1054 2895 1222 2922; x_wconf 87' lang='lat' dir='ltr'>cxxxu</span> <span class='ocrx_word' id='word_1_207' title='bbox 1253 2881 1376 2935; x_wconf 87' lang='lat' dir='ltr'>(secr.</span> <span class='ocrx_word' id='word_1_208' title='bbox 1406 2882 1520 2923; x_wconf 90' lang='lat' dir='ltr'>Ben.</span> <span class='ocrx_word' id='word_1_209' title='bbox 1548 2883 1658 2935; x_wconf 89' lang='lat' dir='ltr'>XII,</span> <span class='ocrx_word' id='word_1_210' title='bbox 1686 2898 1757 2924; x_wconf 89' lang='lat' dir='ltr'>an.</span> <span class='ocrx_word' id='word_1_211' title='bbox 1789 2884 1895 2937; x_wconf 87' lang='grc' dir='ltr'>ΙΙΙ),</span> <span class='ocrx_word' id='word_1_212' title='bbox 1919 2884 1997 2926; x_wconf 88' lang='lat' dir='ltr'>fol.</span> <span class='ocrx_word' id='word_1_213' title='bbox 2015 2899 2134 2938; x_wconf 86' lang='lat' dir='ltr'><strong>xxx,</strong></span> <span class='ocrx_word' id='word_1_214' title='bbox 2159 2900 2202 2927; x_wconf 82' lang='lat' dir='ltr'>n.</span> <span class='ocrx_word' id='word_1_215' title='bbox 2229 2886 2298 2927; x_wconf 87' lang='lat'>97.</span> 
     </span>
    </p>
   </div>
   <div class='ocr_carea' id='block_1_8' title="bbox 388 2997 2412 3830">
    <p class='ocr_par' dir='ltr' id='par_1_12' title="bbox 388 2997 2412 3830">
     <span class='ocr_line' id='line_1_26' title="bbox 464 2997 2410 3066; baseline 0.005 -19"><span class='ocrx_word' id='word_1_216' title='bbox 464 2997 675 3049; x_wconf 88' lang='lat' dir='ltr'>Dilecto</span> <span class='ocrx_word' id='word_1_217' title='bbox 723 2999 831 3049; x_wconf 88' lang='lat' dir='ltr'>filio</span> <span class='ocrx_word' id='word_1_218' title='bbox 876 3000 1137 3065; x_wconf 84' lang='lat' dir='ltr'>magistro</span> <span class='ocrx_word' id='word_1_219' title='bbox 1184 3001 1475 3052; x_wconf 89' lang='lat' dir='ltr'>Guillelmo</span> <span class='ocrx_word' id='word_1_220' title='bbox 1522 3004 1821 3055; x_wconf 86' lang='lat' dir='ltr'>Lornbardi</span> <span class='ocrx_word' id='word_1_221' title='bbox 1862 3004 1899 3066; x_wconf 86' lang='lat'>¹,</span> <span class='ocrx_word' id='word_1_222' title='bbox 1945 3006 2206 3056; x_wconf 85' lang='lat' dir='ltr'>canonico</span> <span class='ocrx_word' id='word_1_223' title='bbox 2253 3007 2410 3058; x_wconf 87' lang='lat' dir='ltr'>Mira-</span> 
     </span>
     <span class='ocr_line' id='line_1_27' title="bbox 394 3081 2412 3156; baseline 0.004 -25"><span class='ocrx_word' id='word_1_224' title='bbox 394 3081 615 3149; x_wconf 90' lang='lat' dir='ltr'>piscen.,</span> <span class='ocrx_word' id='word_1_225' title='bbox 671 3083 800 3133; x_wconf 88' lang='lat' dir='ltr'>iuris</span> <span class='ocrx_word' id='word_1_226' title='bbox 856 3082 1029 3135; x_wconf 89' lang='lat' dir='ltr'>civilis</span> <span class='ocrx_word' id='word_1_227' title='bbox 1085 3086 1392 3151; x_wconf 87' lang='lat' dir='ltr'>professori.</span> <span class='ocrx_word' id='word_1_228' title='bbox 1449 3115 1519 3122; x_wconf 90' lang='lat'>—</span> <span class='ocrx_word' id='word_1_229' title='bbox 1572 3088 1707 3138; x_wconf 92' lang='lat' dir='ltr'>Cum</span> <span class='ocrx_word' id='word_1_230' title='bbox 1763 3089 2042 3140; x_wconf 85' lang='lat' dir='ltr'>Johannes</span> <span class='ocrx_word' id='word_1_231' title='bbox 2075 3091 2412 3156; x_wconf 85' lang='lat' dir='ltr'>Christofori‚</span> 
     </span>
     <span class='ocr_line' id='line_1_28' title="bbox 389 3171 2411 3236; baseline 0.005 -22"><span class='ocrx_word' id='word_1_232' title='bbox 389 3177 712 3231; x_wconf 86' lang='lat' dir='ltr'>procurator</span> <span class='ocrx_word' id='word_1_233' title='bbox 752 3186 1041 3219; x_wconf 87' lang='lat' dir='ltr'>romanam</span> <span class='ocrx_word' id='word_1_234' title='bbox 1083 3188 1314 3235; x_wconf 90' lang='lat' dir='ltr'>sequens</span> <span class='ocrx_word' id='word_1_235' title='bbox 1359 3171 1599 3236; x_wconf 87' lang='lat' dir='ltr'>Curiam,</span> <span class='ocrx_word' id='word_1_236' title='bbox 1623 3173 1689 3222; x_wconf 90' lang='lat' dir='ltr'>de</span> <span class='ocrx_word' id='word_1_237' title='bbox 1731 3173 1975 3224; x_wconf 88' lang='lat' dir='ltr'>falsitate</span> <span class='ocrx_word' id='word_1_238' title='bbox 2015 3174 2411 3225; x_wconf 87' lang='lat' dir='ltr'>instrumento-</span> 
     </span>
     <span class='ocr_line' id='line_1_29' title="bbox 388 3251 2409 3326; baseline 0.005 -27"><span class='ocrx_word' id='word_1_239' title='bbox 388 3268 510 3300; x_wconf 91' lang='lat' dir='ltr'>rum</span> <span class='ocrx_word' id='word_1_240' title='bbox 541 3251 904 3316; x_wconf 86' lang='lat' dir='ltr'>publicorum,</span> <span class='ocrx_word' id='word_1_241' title='bbox 936 3253 1248 3304; x_wconf 88' lang='lat' dir='ltr'>litterarum</span> <span class='ocrx_word' id='word_1_242' title='bbox 1279 3265 1334 3304; x_wconf 90' lang='lat' dir='ltr'>et</span> <span class='ocrx_word' id='word_1_243' title='bbox 1364 3255 1666 3319; x_wconf 90' lang='lat' dir='ltr'>sigillorum</span> <span class='ocrx_word' id='word_1_244' title='bbox 1696 3258 2127 3320; x_wconf 89' lang='lat' dir='ltr'>autenticorum,</span> <span class='ocrx_word' id='word_1_245' title='bbox 2158 3260 2409 3326; x_wconf 90' lang='lat' dir='ltr'>raptibus</span> 
     </span>
     <span class='ocr_line' id='line_1_30' title="bbox 390 3335 2409 3410; baseline 0.005 -28"><span class='ocrx_word' id='word_1_246' title='bbox 390 3345 446 3383; x_wconf 91' lang='lat' dir='ltr'>et</span> <span class='ocrx_word' id='word_1_247' title='bbox 488 3335 942 3387; x_wconf 87' lang='lat' dir='ltr'>deflorationibus</span> <span class='ocrx_word' id='word_1_248' title='bbox 985 3337 1279 3404; x_wconf 87' lang='lat' dir='ltr'>virginum,</span> <span class='ocrx_word' id='word_1_249' title='bbox 1323 3358 1535 3390; x_wconf 90' lang='lat' dir='ltr'>necnon</span> <span class='ocrx_word' id='word_1_250' title='bbox 1579 3341 1798 3405; x_wconf 84' lang='lat' dir='ltr'>heresis,</span> <span class='ocrx_word' id='word_1_251' title='bbox 1843 3343 2137 3408; x_wconf 85' lang='lat' dir='ltr'>apostasie‚</span> <span class='ocrx_word' id='word_1_252' title='bbox 2182 3343 2409 3410; x_wconf 86' lang='lat' dir='ltr'>aliisque</span> 
     </span>
     <span class='ocr_line' id='line_1_31' title="bbox 393 3417 2407 3493; baseline 0.006 -27"><span class='ocrx_word' id='word_1_253' title='bbox 393 3417 619 3468; x_wconf 90' lang='lat' dir='ltr'>diversis</span> <span class='ocrx_word' id='word_1_254' title='bbox 648 3419 963 3471; x_wconf 90' lang='lat' dir='ltr'>criminibus</span> <span class='ocrx_word' id='word_1_255' title='bbox 990 3431 1046 3470; x_wconf 88' lang='lat' dir='ltr'>et</span> <span class='ocrx_word' id='word_1_256' title='bbox 1072 3422 1283 3473; x_wconf 90' lang='lat' dir='ltr'>delictis</span> <span class='ocrx_word' id='word_1_257' title='bbox 1311 3425 1667 3474; x_wconf 90' lang='lat' dir='ltr'>vehementer</span> <span class='ocrx_word' id='word_1_258' title='bbox 1693 3425 2015 3476; x_wconf 88' lang='lat' dir='ltr'>diffamatus</span> <span class='ocrx_word' id='word_1_259' title='bbox 2043 3437 2098 3476; x_wconf 90' lang='lat' dir='ltr'>et</span> <span class='ocrx_word' id='word_1_260' title='bbox 2124 3438 2407 3493; x_wconf 90' lang='lat' dir='ltr'>suspectus</span> 
     </span>
     <span class='ocr_line' id='line_1_32' title="bbox 394 3501 2409 3576; baseline 0.005 -27"><span class='ocrx_word' id='word_1_261' title='bbox 394 3501 623 3551; x_wconf 88' lang='lat' dir='ltr'>existere</span> <span class='ocrx_word' id='word_1_262' title='bbox 684 3515 977 3568; x_wconf 89' lang='lat' dir='ltr'>asseratur,</span> <span class='ocrx_word' id='word_1_263' title='bbox 1038 3525 1135 3556; x_wconf 93' lang='lat' dir='ltr'>nos</span> <span class='ocrx_word' id='word_1_264' title='bbox 1196 3508 1445 3558; x_wconf 91' lang='lat' dir='ltr'>volentes</span> <span class='ocrx_word' id='word_1_265' title='bbox 1505 3509 1708 3574; x_wconf 88' lang='lat' dir='ltr'>inquiri</span> <span class='ocrx_word' id='word_1_266' title='bbox 1767 3510 2063 3560; x_wconf 87' lang='lat' dir='ltr'>veritatem</span> <span class='ocrx_word' id='word_1_267' title='bbox 2124 3512 2409 3576; x_wconf 84' lang='lat' dir='ltr'>diligenter</span> 
     </span>
     <span class='ocr_line' id='line_1_33' title="bbox 395 3585 2406 3652; baseline 0.006 -19"><span class='ocrx_word' id='word_1_268' title='bbox 395 3603 556 3650; x_wconf 91' lang='lat' dir='ltr'>super</span> <span class='ocrx_word' id='word_1_269' title='bbox 598 3586 698 3636; x_wconf 91' lang='lat' dir='ltr'>hiis</span> <span class='ocrx_word' id='word_1_270' title='bbox 740 3598 796 3637; x_wconf 93' lang='lat' dir='ltr'>et</span> <span class='ocrx_word' id='word_1_271' title='bbox 838 3588 1114 3640; x_wconf 85' lang='lat' dir='ltr'>iusticiam</span> <span class='ocrx_word' id='word_1_272' title='bbox 1156 3585 1420 3652; x_wconf 84' lang='lat' dir='ltr'>exhiberi,</span> <span class='ocrx_word' id='word_1_273' title='bbox 1464 3592 1785 3643; x_wconf 90' lang='lat' dir='ltr'>discrecioni</span> <span class='ocrx_word' id='word_1_274' title='bbox 1826 3596 2406 3645; x_wconf 86' lang='lat' dir='ltr'>tue...committimus</span> 
     </span>
     <span class='ocr_line' id='line_1_34' title="bbox 394 3671 2412 3746; baseline 0.007 -30"><span class='ocrx_word' id='word_1_275' title='bbox 394 3678 448 3716; x_wconf 85' lang='lat' dir='ltr'>et</span> <span class='ocrx_word' id='word_1_276' title='bbox 482 3671 807 3721; x_wconf 90' lang='lat' dir='ltr'>mandamus</span> <span class='ocrx_word' id='word_1_277' title='bbox 842 3673 1121 3737; x_wconf 88' lang='lat' dir='ltr'>quatinus,</span> <span class='ocrx_word' id='word_1_278' title='bbox 1155 3675 1198 3724; x_wconf 91' lang='lat' dir='ltr'>si</span> <span class='ocrx_word' id='word_1_279' title='bbox 1241 3677 1476 3726; x_wconf 91' lang='lat' dir='ltr'>eundem</span> <span class='ocrx_word' id='word_1_280' title='bbox 1524 3677 1837 3728; x_wconf 90' lang='lat' dir='ltr'>Johannem</span> <span class='ocrx_word' id='word_1_281' title='bbox 1883 3678 2215 3729; x_wconf 85' lang='lat' dir='ltr'>infamatum</span> <span class='ocrx_word' id='word_1_282' title='bbox 2260 3698 2412 3746; x_wconf 88' lang='lat' dir='ltr'>repe·</span> 
     </span>
     <span class='ocr_line' id='line_1_35' title="bbox 393 3751 2402 3830; baseline 0.005 -30"><span class='ocrx_word' id='word_1_283' title='bbox 393 3751 521 3801; x_wconf 89' lang='lat' dir='ltr'>reris</span> <span class='ocrx_word' id='word_1_284' title='bbox 561 3754 625 3802; x_wconf 92' lang='lat' dir='ltr'>de</span> <span class='ocrx_word' id='word_1_285' title='bbox 665 3755 956 3820; x_wconf 90' lang='lat' dir='ltr'>premissis,</span> <span class='ocrx_word' id='word_1_286' title='bbox 995 3775 1156 3824; x_wconf 91' lang='lat' dir='ltr'>super</span> <span class='ocrx_word' id='word_1_287' title='bbox 1193 3758 1266 3809; x_wconf 91' lang='lat' dir='ltr'>eis</span> <span class='ocrx_word' id='word_1_288' title='bbox 1305 3770 1360 3809; x_wconf 88' lang='lat' dir='ltr'>et</span> <span class='ocrx_word' id='word_1_289' title='bbox 1398 3778 1457 3810; x_wconf 90' lang='lat' dir='ltr'>ea</span> <span class='ocrx_word' id='word_1_290' title='bbox 1498 3761 1854 3827; x_wconf 86' lang='lat' dir='ltr'>tangentibus</span> <span class='ocrx_word' id='word_1_291' title='bbox 1893 3762 2211 3830; x_wconf 90' lang='lat' dir='ltr'>simpliciter</span> <span class='ocrx_word' id='word_1_292' title='bbox 2248 3774 2302 3814; x_wconf 85' lang='lat' dir='ltr'>et</span> <span class='ocrx_word' id='word_1_293' title='bbox 2339 3764 2402 3814; x_wconf 91' lang='lat' dir='ltr'>de</span> 
     </span>
    </p>
   </div>
  </div>
 </body>
</html>
