<?xml version="1.0" encoding="UTF-8"?>
<!DOCTYPE html PUBLIC "-//W3C//DTD XHTML 1.0 Transitional//EN"
    "http://www.w3.org/TR/xhtml1/DTD/xhtml1-transitional.dtd">
<html xmlns="http://www.w3.org/1999/xhtml" xml:lang="en" lang="en">
 <head>
  <title>
</title>
<meta http-equiv="Content-Type" content="text/html;charset=utf-8" />
  <meta name='ocr-system' content='tesseract 3.04.00' />
  <meta name='ocr-capabilities' content='ocr_page ocr_carea ocr_par ocr_line ocrx_word'/>
</head>
<body>
  <div class='ocr_page' id='page_1' title='image "./bullairedelinqui00cathuoft_0146.png"; bbox 0 0 2540 4354; ppageno 0'>
   <div class='ocr_carea' id='block_1_1' title="bbox 444 376 2060 443">
    <p class='ocr_par' dir='ltr' id='par_1_1' title="bbox 444 376 2060 443">
     <span class='ocr_line' id='line_1_1' title="bbox 444 376 2060 443; baseline -0.004 -6"><span class='ocrx_word' id='word_1_1' title='bbox 444 376 510 437; x_wconf 63' lang='lat'>52</span> <span class='ocrx_word' id='word_1_2' title='bbox 831 403 1119 436; x_wconf 82' lang='lat' dir='ltr'><strong>BULLAIRE</strong></span> <span class='ocrx_word' id='word_1_3' title='bbox 1160 403 1234 434; x_wconf 89' lang='lat' dir='ltr'>DE</span> <span class='ocrx_word' id='word_1_4' title='bbox 1277 380 1693 442; x_wconf 66' lang='lat' dir='ltr'>L³1NQU181T10N</span> <span class='ocrx_word' id='word_1_5' title='bbox 1735 400 2060 443; x_wconf 71' lang='lat' dir='ltr'>FRANqusE</span> 
     </span>
    </p>
   </div>
   <div class='ocr_carea' id='block_1_2' title="bbox 423 554 2517 3327">
    <p class='ocr_par' dir='ltr' id='par_1_2' title="bbox 423 554 2517 3327">
     <span class='ocr_line' id='line_1_2' title="bbox 520 554 2451 623; baseline -0.002 -14"><span class='ocrx_word' id='word_1_6' title='bbox 520 559 729 610; x_wconf 90' lang='lat' dir='ltr'>Dilecto</span> <span class='ocrx_word' id='word_1_7' title='bbox 773 559 881 609; x_wconf 86' lang='lat' dir='ltr'>filio</span> <span class='ocrx_word' id='word_1_8' title='bbox 923 558 1156 623; x_wconf 91' lang='lat' dir='ltr'>Seguino</span> <span class='ocrx_word' id='word_1_9' title='bbox 1195 558 1259 607; x_wconf 90' lang='lat' dir='ltr'>dc</span> <span class='ocrx_word' id='word_1_10' title='bbox 1299 557 1622 622; x_wconf 87' lang='lat' dir='ltr'>Belegneyo,</span> <span class='ocrx_word' id='word_1_11' title='bbox 1665 554 1925 606; x_wconf 83' lang='lat' dir='ltr'>canonico</span> <span class='ocrx_word' id='word_1_12' title='bbox 1969 555 2197 615; x_wconf 89' lang='lat' dir='ltr'>Eduen.,</span> <span class='ocrx_word' id='word_1_13' title='bbox 2239 565 2341 606; x_wconf 89' lang='lat' dir='ltr'>etc.</span> <span class='ocrx_word' id='word_1_14' title='bbox 2382 585 2451 595; x_wconf 86' lang='lat'><strong>-—-·</strong></span> 
     </span>
     <span class='ocr_line' id='line_1_3' title="bbox 446 638 2444 705; baseline -0.003 -10"><span class='ocrx_word' id='word_1_15' title='bbox 446 644 644 695; x_wconf 88' lang='lat' dir='ltr'>Petitio</span> <span class='ocrx_word' id='word_1_16' title='bbox 678 655 774 693; x_wconf 93' lang='lat' dir='ltr'>tua</span> <span class='ocrx_word' id='word_1_17' title='bbox 807 642 962 692; x_wconf 91' lang='lat' dir='ltr'>nobis</span> <span class='ocrx_word' id='word_1_18' title='bbox 996 641 1240 692; x_wconf 86' lang='lat' dir='ltr'>exhibita</span> <span class='ocrx_word' id='word_1_19' title='bbox 1277 640 1596 691; x_wconf 90' lang='lat' dir='ltr'>continebat</span> <span class='ocrx_word' id='word_1_20' title='bbox 1630 639 1776 705; x_wconf 87' lang='lat' dir='ltr'>quod</span> <span class='ocrx_word' id='word_1_21' title='bbox 1809 658 1934 690; x_wconf 91' lang='lat' dir='ltr'>cum</span> <span class='ocrx_word' id='word_1_22' title='bbox 1966 649 2028 688; x_wconf 90' lang='lat' dir='ltr'>tu</span> <span class='ocrx_word' id='word_1_23' title='bbox 2062 638 2190 689; x_wconf 91' lang='lat' dir='ltr'>olim</span> <span class='ocrx_word' id='word_1_24' title='bbox 2222 657 2444 691; x_wconf 88' lang='lat' dir='ltr'>venera·</span> 
     </span>
     <span class='ocr_line' id='line_1_4' title="bbox 444 723 2445 791; baseline -0.001 -12"><span class='ocrx_word' id='word_1_25' title='bbox 444 729 563 779; x_wconf 85' lang='lat' dir='ltr'>hilis</span> <span class='ocrx_word' id='word_1_26' title='bbox 589 727 772 778; x_wconf 89' lang='lat' dir='ltr'>fratris</span> <span class='ocrx_word' id='word_1_27' title='bbox 799 726 972 777; x_wconf 86' lang='lat' dir='ltr'>nostri</span> <span class='ocrx_word' id='word_1_28' title='bbox 1000 726 1169 775; x_wconf 90' lang='lat' dir='ltr'>Fortii</span> <span class='ocrx_word' id='word_1_29' title='bbox 1195 726 1230 786; x_wconf 79' lang='lat'>1,</span> <span class='ocrx_word' id='word_1_30' title='bbox 1260 725 1499 791; x_wconf 83' lang='lat' dir='ltr'>episcopi</span> <span class='ocrx_word' id='word_1_31' title='bbox 1528 723 1846 784; x_wconf 88' lang='lat' dir='ltr'>Pictavien.,</span> <span class='ocrx_word' id='word_1_32' title='bbox 1874 723 2070 788; x_wconf 85' lang='lat' dir='ltr'>judicis</span> <span class='ocrx_word' id='word_1_33' title='bbox 2097 723 2445 775; x_wconf 87' lang='lat' dir='ltr'>ecclesiastici</span> 
     </span>
     <span class='ocr_line' id='line_1_5' title="bbox 445 807 2470 876; baseline -0.003 -12"><span class='ocrx_word' id='word_1_34' title='bbox 445 813 681 866; x_wconf 85' lang='lat' dir='ltr'>officium</span> <span class='ocrx_word' id='word_1_35' title='bbox 718 830 1008 871; x_wconf 82' lang='lat' dir='ltr'>exerceres,</span> <span class='ocrx_word' id='word_1_36' title='bbox 1047 821 1102 860; x_wconf 89' lang='lat' dir='ltr'>et</span> <span class='ocrx_word' id='word_1_37' title='bbox 1139 811 1375 876; x_wconf 91' lang='lat' dir='ltr'>quedam</span> <span class='ocrx_word' id='word_1_38' title='bbox 1414 808 1605 859; x_wconf 92' lang='lat' dir='ltr'>mulier</span> <span class='ocrx_word' id='word_1_39' title='bbox 1641 827 1801 874; x_wconf 90' lang='lat' dir='ltr'>super</span> <span class='ocrx_word' id='word_1_40' title='bbox 1838 807 2152 858; x_wconf 85' lang='lat' dir='ltr'>criminibus</span> <span class='ocrx_word' id='word_1_41' title='bbox 2190 808 2470 875; x_wconf 88' lang='lat' dir='ltr'>sortilegii.</span> 
     </span>
     <span class='ocr_line' id='line_1_6' title="bbox 443 893 2449 961; baseline -0.002 -14"><span class='ocrx_word' id='word_1_42' title='bbox 443 908 498 947; x_wconf 83' lang='lat' dir='ltr'>et</span> <span class='ocrx_word' id='word_1_43' title='bbox 540 896 773 947; x_wconf 81' lang='lat' dir='ltr'>heretice</span> <span class='ocrx_word' id='word_1_44' title='bbox 818 894 1108 961; x_wconf 86' lang='lat' dir='ltr'>pravitatis</span> <span class='ocrx_word' id='word_1_45' title='bbox 1153 894 1367 958; x_wconf 84' lang='lat' dir='ltr'>publice</span> <span class='ocrx_word' id='word_1_46' title='bbox 1412 893 1701 943; x_wconf 86' lang='lat' dir='ltr'>diffamata</span> <span class='ocrx_word' id='word_1_47' title='bbox 1747 912 1930 942; x_wconf 90' lang='lat' dir='ltr'>coram</span> <span class='ocrx_word' id='word_1_48' title='bbox 1971 903 2027 942; x_wconf 90' lang='lat' dir='ltr'>te</span> <span class='ocrx_word' id='word_1_49' title='bbox 2069 911 2230 958; x_wconf 89' lang='lat' dir='ltr'>super</span> <span class='ocrx_word' id='word_1_50' title='bbox 2273 893 2449 943; x_wconf 88' lang='lat' dir='ltr'>crimi-</span> 
     </span>
     <span class='ocr_line' id='line_1_7' title="bbox 443 977 2450 1048; baseline -0.003 -15"><span class='ocrx_word' id='word_1_51' title='bbox 443 983 602 1033; x_wconf 88' lang='lat' dir='ltr'>nibus</span> <span class='ocrx_word' id='word_1_52' title='bbox 642 981 771 1048; x_wconf 89' lang='lat' dir='ltr'>ipsis</span> <span class='ocrx_word' id='word_1_53' title='bbox 812 990 1067 1031; x_wconf 88' lang='lat' dir='ltr'>accusata</span> <span class='ocrx_word' id='word_1_54' title='bbox 1109 978 1301 1029; x_wconf 91' lang='lat' dir='ltr'>fuisset</span> <span class='ocrx_word' id='word_1_55' title='bbox 1340 978 1614 1044; x_wconf 85' lang='lat' dir='ltr'>nichilque</span> <span class='ocrx_word' id='word_1_56' title='bbox 1657 978 1908 1028; x_wconf 87' lang='lat' dir='ltr'>confiteri</span> <span class='ocrx_word' id='word_1_57' title='bbox 1945 977 2212 1028; x_wconf 86' lang='lat' dir='ltr'>voluisset</span> <span class='ocrx_word' id='word_1_58' title='bbox 2250 978 2314 1027; x_wconf 93' lang='lat' dir='ltr'>de</span> <span class='ocrx_word' id='word_1_59' title='bbox 2356 979 2450 1028; x_wconf 89' lang='lat' dir='ltr'>cri·</span> 
     </span>
     <span class='ocr_line' id='line_1_8' title="bbox 444 1062 2448 1128; baseline -0.002 -11"><span class='ocrx_word' id='word_1_60' title='bbox 444 1066 679 1117; x_wconf 89' lang='lat' dir='ltr'>minibus</span> <span class='ocrx_word' id='word_1_61' title='bbox 715 1063 1026 1124; x_wconf 78' lang='lat' dir='ltr'>antedictis,</span> <span class='ocrx_word' id='word_1_62' title='bbox 1071 1074 1152 1124; x_wconf 92' lang='lat' dir='ltr'>tu,</span> <span class='ocrx_word' id='word_1_63' title='bbox 1204 1063 1269 1112; x_wconf 91' lang='lat' dir='ltr'>de</span> <span class='ocrx_word' id='word_1_64' title='bbox 1320 1062 1541 1113; x_wconf 88' lang='lat' dir='ltr'>consilio</span> <span class='ocrx_word' id='word_1_65' title='bbox 1593 1062 1961 1128; x_wconf 90' lang='lat' dir='ltr'>quorumdam</span> <span class='ocrx_word' id='word_1_66' title='bbox 2009 1063 2306 1128; x_wconf 89' lang='lat' dir='ltr'>proborum</span> <span class='ocrx_word' id='word_1_67' title='bbox 2357 1063 2448 1128; x_wconf 91' lang='lat' dir='ltr'>qui</span> 
     </span>
     <span class='ocr_line' id='line_1_9' title="bbox 440 1145 2444 1212; baseline -0.001 -11"><span class='ocrx_word' id='word_1_68' title='bbox 440 1169 494 1201; x_wconf 88' lang='lat' dir='ltr'>se</span> <span class='ocrx_word' id='word_1_69' title='bbox 554 1150 869 1200; x_wconf 89' lang='lat' dir='ltr'>asserebant</span> <span class='ocrx_word' id='word_1_70' title='bbox 927 1147 1126 1197; x_wconf 86' lang='lat' dir='ltr'>vidisse</span> <span class='ocrx_word' id='word_1_71' title='bbox 1187 1146 1338 1212; x_wconf 90' lang='lat' dir='ltr'>penis</span> <span class='ocrx_word' id='word_1_72' title='bbox 1397 1146 1701 1197; x_wconf 87' lang='lat' dir='ltr'>examinari</span> <span class='ocrx_word' id='word_1_73' title='bbox 1759 1145 2024 1196; x_wconf 90' lang='lat' dir='ltr'>hereticos</span> <span class='ocrx_word' id='word_1_74' title='bbox 2084 1145 2139 1195; x_wconf 91' lang='lat' dir='ltr'>in</span> <span class='ocrx_word' id='word_1_75' title='bbox 2198 1146 2444 1211; x_wconf 78' lang='lat' dir='ltr'>partibus</span> 
     </span>
     <span class='ocr_line' id='line_1_10' title="bbox 441 1227 2452 1297; baseline -0.002 -12"><span class='ocrx_word' id='word_1_76' title='bbox 441 1233 758 1285; x_wconf 90' lang='lat' dir='ltr'>Tholosanis</span> <span class='ocrx_word' id='word_1_77' title='bbox 783 1233 820 1294; x_wconf 85' lang='lat'>2,</span> <span class='ocrx_word' id='word_1_78' title='bbox 861 1229 1040 1281; x_wconf 85' lang='lat' dir='ltr'>fecisti</span> <span class='ocrx_word' id='word_1_79' title='bbox 1079 1231 1296 1297; x_wconf 83' lang='lat' dir='ltr'>plantas</span> <span class='ocrx_word' id='word_1_80' title='bbox 1337 1232 1540 1297; x_wconf 89' lang='lat' dir='ltr'>pedum</span> <span class='ocrx_word' id='word_1_81' title='bbox 1579 1228 1826 1281; x_wconf 90' lang='lat' dir='ltr'>eiusdem</span> <span class='ocrx_word' id='word_1_82' title='bbox 1867 1228 2118 1279; x_wconf 88' lang='lat' dir='ltr'>mulieris</span> <span class='ocrx_word' id='word_1_83' title='bbox 2158 1227 2315 1281; x_wconf 86' lang='lat' dir='ltr'>iuxta</span> <span class='ocrx_word' id='word_1_84' title='bbox 2340 1250 2452 1282; x_wconf 86' lang='lat' dir='ltr'>car·</span> 
     </span>
     <span class='ocr_line' id='line_1_11' title="bbox 439 1313 2445 1382; baseline -0 -13"><span class='ocrx_word' id='word_1_85' title='bbox 439 1321 604 1369; x_wconf 89' lang='lat' dir='ltr'>bones</span> <span class='ocrx_word' id='word_1_86' title='bbox 636 1335 887 1369; x_wconf 90' lang='lat' dir='ltr'>accensos</span> <span class='ocrx_word' id='word_1_87' title='bbox 918 1313 1141 1382; x_wconf 90' lang='lat' dir='ltr'>apponi,</span> <span class='ocrx_word' id='word_1_88' title='bbox 1174 1334 1278 1381; x_wconf 92' lang='lat' dir='ltr'>que</span> <span class='ocrx_word' id='word_1_89' title='bbox 1306 1313 1551 1380; x_wconf 87' lang='lat' dir='ltr'>ipsorum</span> <span class='ocrx_word' id='word_1_90' title='bbox 1583 1315 1817 1365; x_wconf 87' lang='lat' dir='ltr'>calorem</span> <span class='ocrx_word' id='word_1_91' title='bbox 1836 1315 2080 1366; x_wconf 88' lang='lat' dir='ltr'>sentiens</span> <span class='ocrx_word' id='word_1_92' title='bbox 2099 1325 2155 1365; x_wconf 91' lang='lat' dir='ltr'>et</span> <span class='ocrx_word' id='word_1_93' title='bbox 2195 1315 2445 1368; x_wconf 90' lang='lat' dir='ltr'>ardorem</span> 
     </span>
     <span class='ocr_line' id='line_1_12' title="bbox 441 1399 2448 1468; baseline -0.001 -15"><span class='ocrx_word' id='word_1_94' title='bbox 441 1401 846 1468; x_wconf 88' lang='lat' dir='ltr'>quamplurima</span> <span class='ocrx_word' id='word_1_95' title='bbox 889 1419 1112 1450; x_wconf 89' lang='lat' dir='ltr'>erronea</span> <span class='ocrx_word' id='word_1_96' title='bbox 1157 1411 1212 1449; x_wconf 89' lang='lat' dir='ltr'>et</span> <span class='ocrx_word' id='word_1_97' title='bbox 1255 1401 1482 1450; x_wconf 86' lang='lat' dir='ltr'>orrenda</span> <span class='ocrx_word' id='word_1_98' title='bbox 1529 1411 1717 1450; x_wconf 91' lang='lat' dir='ltr'>contra</span> <span class='ocrx_word' id='word_1_99' title='bbox 1762 1399 2091 1450; x_wconf 84' lang='lat' dir='ltr'>catholicam</span> <span class='ocrx_word' id='word_1_100' title='bbox 2138 1399 2301 1449; x_wconf 85' lang='lat' dir='ltr'>fidem</span> <span class='ocrx_word' id='word_1_101' title='bbox 2345 1399 2448 1451; x_wconf 84' lang='lat' dir='ltr'>fuit</span> 
     </span>
     <span class='ocr_line' id='line_1_13' title="bbox 439 1477 2446 1550; baseline -0.001 -13"><span class='ocrx_word' id='word_1_102' title='bbox 439 1486 682 1537; x_wconf 87' lang='lat' dir='ltr'>confessa</span> <span class='ocrx_word' id='word_1_103' title='bbox 717 1496 772 1535; x_wconf 89' lang='lat' dir='ltr'>et</span> <span class='ocrx_word' id='word_1_104' title='bbox 806 1485 1007 1535; x_wconf 88' lang='lat' dir='ltr'>multos</span> <span class='ocrx_word' id='word_1_105' title='bbox 1041 1485 1096 1534; x_wconf 88' lang='lat' dir='ltr'>in</span> <span class='ocrx_word' id='word_1_106' title='bbox 1129 1484 1288 1534; x_wconf 85' lang='lat' dir='ltr'>dictis</span> <span class='ocrx_word' id='word_1_107' title='bbox 1322 1484 1591 1534; x_wconf 89' lang='lat' dir='ltr'>erroribus</span> <span class='ocrx_word' id='word_1_108' title='bbox 1625 1477 1728 1534; x_wconf 83' lang='lat' dir='ltr'>&#39;sibi</span> <span class='ocrx_word' id='word_1_109' title='bbox 1761 1483 2038 1534; x_wconf 88' lang='lat' dir='ltr'>consocios</span> <span class='ocrx_word' id='word_1_110' title='bbox 2071 1494 2127 1532; x_wconf 90' lang='lat' dir='ltr'>et</span> <span class='ocrx_word' id='word_1_111' title='bbox 2160 1483 2446 1550; x_wconf 88' lang='lat' dir='ltr'>complices</span> 
     </span>
     <span class='ocr_line' id='line_1_14' title="bbox 437 1566 2447 1636; baseline -0 -15"><span class='ocrx_word' id='word_1_112' title='bbox 437 1571 722 1632; x_wconf 88' lang='lat' dir='ltr'>revelavit,</span> <span class='ocrx_word' id='word_1_113' title='bbox 766 1569 860 1636; x_wconf 88' lang='lat' dir='ltr'>qui</span> <span class='ocrx_word' id='word_1_114' title='bbox 900 1569 1244 1634; x_wconf 80' lang='lat' dir='ltr'>exigentibus</span> <span class='ocrx_word' id='word_1_115' title='bbox 1288 1587 1476 1619; x_wconf 89' lang='lat' dir='ltr'>corum</span> <span class='ocrx_word' id='word_1_116' title='bbox 1519 1568 1796 1619; x_wconf 90' lang='lat' dir='ltr'>demeritis</span> <span class='ocrx_word' id='word_1_117' title='bbox 1839 1566 2066 1618; x_wconf 89' lang='lat' dir='ltr'>fuerunt</span> <span class='ocrx_word' id='word_1_118' title='bbox 2090 1569 2447 1634; x_wconf 89' lang='lat' dir='ltr'>postmodum</span> 
     </span>
     <span class='ocr_line' id='line_1_15' title="bbox 436 1652 2446 1720; baseline -0.001 -15"><span class='ocrx_word' id='word_1_119' title='bbox 436 1655 596 1720; x_wconf 84' lang='lat' dir='ltr'>juxta</span> <span class='ocrx_word' id='word_1_120' title='bbox 631 1654 760 1704; x_wconf 90' lang='lat' dir='ltr'>iuris</span> <span class='ocrx_word' id='word_1_121' title='bbox 794 1653 1129 1718; x_wconf 80' lang='lat' dir='ltr'>exigentiam</span> <span class='ocrx_word' id='word_1_122' title='bbox 1163 1653 1581 1719; x_wconf 84' lang='lat' dir='ltr'>condempnati3</span> <span class='ocrx_word' id='word_1_123' title='bbox 1617 1671 1720 1718; x_wconf 88' lang='lat' dir='ltr'>que</span> <span class='ocrx_word' id='word_1_124' title='bbox 1771 1652 1952 1702; x_wconf 90' lang='lat' dir='ltr'>omnia</span> <span class='ocrx_word' id='word_1_125' title='bbox 2001 1652 2075 1702; x_wconf 89' lang='lat' dir='ltr'>sic</span> <span class='ocrx_word' id='word_1_126' title='bbox 2107 1652 2352 1714; x_wconf 88' lang='lat' dir='ltr'>inventa,</span> <span class='ocrx_word' id='word_1_127' title='bbox 2386 1663 2446 1703; x_wconf 90' lang='lat' dir='ltr'>ut</span> 
     </span>
     <span class='ocr_line' id='line_1_16' title="bbox 438 1736 2446 1803; baseline -0.001 -14"><span class='ocrx_word' id='word_1_128' title='bbox 438 1738 801 1789; x_wconf 91' lang='lat' dir='ltr'>communiter</span> <span class='ocrx_word' id='word_1_129' title='bbox 849 1738 1104 1799; x_wconf 89' lang='lat' dir='ltr'>creditur,</span> <span class='ocrx_word' id='word_1_130' title='bbox 1154 1756 1441 1803; x_wconf 87' lang='lat' dir='ltr'>nunquam</span> <span class='ocrx_word' id='word_1_131' title='bbox 1488 1738 1731 1787; x_wconf 88' lang='lat' dir='ltr'>revelata</span> <span class='ocrx_word' id='word_1_132' title='bbox 1779 1736 2012 1786; x_wconf 88' lang='lat' dir='ltr'>fuissent</span> <span class='ocrx_word' id='word_1_133' title='bbox 2059 1736 2161 1786; x_wconf 89' lang='lat' dir='ltr'>nisi</span> <span class='ocrx_word' id='word_1_134' title='bbox 2209 1736 2446 1787; x_wconf 89' lang='lat' dir='ltr'>median-</span> 
     </span>
     <span class='ocr_line' id='line_1_17' title="bbox 436 1820 2446 1888; baseline -0 -15"><span class='ocrx_word' id='word_1_135' title='bbox 436 1824 583 1873; x_wconf 89' lang='lat' dir='ltr'>tibus</span> <span class='ocrx_word' id='word_1_136' title='bbox 610 1822 899 1874; x_wconf 84' lang='lat' dir='ltr'>tormeutis</span> <span class='ocrx_word' id='word_1_137' title='bbox 926 1822 1171 1872; x_wconf 88' lang='lat' dir='ltr'>eiusdem</span> <span class='ocrx_word' id='word_1_138' title='bbox 1200 1821 1317 1888; x_wconf 79' lang='lat' dir='ltr'>(sic)</span> <span class='ocrx_word' id='word_1_139' title='bbox 1347 1821 1593 1887; x_wconf 58' lang='lat' dir='ltr'>predict-&gt;a</span> <span class='ocrx_word' id='word_1_140' title='bbox 1622 1820 1813 1871; x_wconf 90' lang='lat' dir='ltr'>mulier</span> <span class='ocrx_word' id='word_1_141' title='bbox 1830 1822 2143 1871; x_wconf 86' lang='lat' dir='ltr'>revelasset.</span> <span class='ocrx_word' id='word_1_142' title='bbox 2170 1821 2230 1870; x_wconf 92' lang='lat' dir='ltr'>In</span> <span class='ocrx_word' id='word_1_143' title='bbox 2251 1821 2446 1887; x_wconf 91' lang='lat' dir='ltr'>quibus</span> 
     </span>
     <span class='ocr_line' id='line_1_18' title="bbox 437 1906 2443 1973; baseline 0 -16"><span class='ocrx_word' id='word_1_144' title='bbox 437 1907 658 1973; x_wconf 90' lang='lat' dir='ltr'>quidem</span> <span class='ocrx_word' id='word_1_145' title='bbox 695 1907 770 1956; x_wconf 88' lang='lat' dir='ltr'>sic</span> <span class='ocrx_word' id='word_1_146' title='bbox 805 1906 1060 1957; x_wconf 87' lang='lat' dir='ltr'>revelatis</span> <span class='ocrx_word' id='word_1_147' title='bbox 1100 1917 1154 1956; x_wconf 90' lang='lat' dir='ltr'>et</span> <span class='ocrx_word' id='word_1_148' title='bbox 1193 1906 1451 1956; x_wconf 87' lang='lat' dir='ltr'>confessis</span> <span class='ocrx_word' id='word_1_149' title='bbox 1490 1906 1637 1957; x_wconf 89' lang='lat' dir='ltr'>dicta</span> <span class='ocrx_word' id='word_1_150' title='bbox 1677 1906 1868 1956; x_wconf 90' lang='lat' dir='ltr'>mulier</span> <span class='ocrx_word' id='word_1_151' title='bbox 1906 1924 2275 1972; x_wconf 88' lang='lat' dir='ltr'>perseverans,</span> <span class='ocrx_word' id='word_1_152' title='bbox 2315 1906 2443 1958; x_wconf 89' lang='lat' dir='ltr'>dum</span> 
     </span>
     <span class='ocr_line' id='line_1_19' title="bbox 435 1984 2517 2057; baseline -0.001 -15"><span class='ocrx_word' id='word_1_153' title='bbox 435 1992 829 2042; x_wconf 86' lang='lat' dir='ltr'>deliberaretur</span> <span class='ocrx_word' id='word_1_154' title='bbox 871 2009 974 2057; x_wconf 91' lang='lat' dir='ltr'>que</span> <span class='ocrx_word' id='word_1_155' title='bbox 1018 2009 1157 2057; x_wconf 89' lang='lat' dir='ltr'>pena</span> <span class='ocrx_word' id='word_1_156' title='bbox 1200 2001 1425 2057; x_wconf 91' lang='lat' dir='ltr'>propter</span> <span class='ocrx_word' id='word_1_157' title='bbox 1466 1990 1727 2056; x_wconf 87' lang='lat' dir='ltr'>premissa</span> <span class='ocrx_word' id='word_1_158' title='bbox 1769 1991 2102 2056; x_wconf 89' lang='lat' dir='ltr'>imponenda</span> <span class='ocrx_word' id='word_1_159' title='bbox 2144 1989 2337 2039; x_wconf 91' lang='lat' dir='ltr'>fuisset</span> <span class='ocrx_word' id='word_1_160' title='bbox 2376 1990 2444 2040; x_wconf 91' lang='lat' dir='ltr'>ei·</span> <span class='ocrx_word' id='word_1_161' title='bbox 2509 1984 2517 1987; x_wconf 44' lang='lat'><em>⁴</em></span> 
     </span>
     <span class='ocr_line' id='line_1_20' title="bbox 436 2073 2511 2141; baseline -0.001 -15"><span class='ocrx_word' id='word_1_162' title='bbox 436 2075 669 2141; x_wconf 11' lang='lat' dir='ltr'>dem,lin</span> <span class='ocrx_word' id='word_1_163' title='bbox 710 2093 919 2127; x_wconf 91' lang='lat' dir='ltr'>carcere</span> <span class='ocrx_word' id='word_1_164' title='bbox 957 2075 1199 2124; x_wconf 89' lang='lat' dir='ltr'>eiusdem</span> <span class='ocrx_word' id='word_1_165' title='bbox 1237 2074 1477 2141; x_wconf 88' lang='lat' dir='ltr'>episcopi</span> <span class='ocrx_word' id='word_1_166' title='bbox 1514 2074 1606 2124; x_wconf 91' lang='lat' dir='ltr'>diu</span> <span class='ocrx_word' id='word_1_167' title='bbox 1644 2086 1769 2140; x_wconf 92' lang='lat' dir='ltr'>post</span> <span class='ocrx_word' id='word_1_168' title='bbox 1821 2074 2217 2124; x_wconf 87' lang='lat' dir='ltr'>confessionem</span> <span class='ocrx_word' id='word_1_169' title='bbox 2268 2073 2439 2141; x_wconf 90' lang='lat' dir='ltr'>predi·</span> <span class='ocrx_word' id='word_1_170' title='bbox 2509 2119 2511 2123; x_wconf 75' lang='grc'>,</span> 
     </span>
     <span class='ocr_line' id='line_1_21' title="bbox 436 2157 2444 2226; baseline 0 -16"><span class='ocrx_word' id='word_1_171' title='bbox 436 2170 582 2211; x_wconf 90' lang='lat' dir='ltr'>ctam</span> <span class='ocrx_word' id='word_1_172' title='bbox 611 2158 859 2209; x_wconf 88' lang='lat' dir='ltr'>debitum</span> <span class='ocrx_word' id='word_1_173' title='bbox 888 2170 1082 2210; x_wconf 86' lang='lat' dir='ltr'>nature</span> <span class='ocrx_word' id='word_1_174' title='bbox 1112 2158 1392 2225; x_wconf 83' lang='lat' dir='ltr'>persolvit.</span> <span class='ocrx_word' id='word_1_175' title='bbox 1426 2162 1626 2210; x_wconf 91' lang='lat' dir='ltr'>Verum</span> <span class='ocrx_word' id='word_1_176' title='bbox 1656 2158 1782 2225; x_wconf 92' lang='lat' dir='ltr'>quia</span> <span class='ocrx_word' id='word_1_177' title='bbox 1812 2157 2102 2210; x_wconf 91' lang='lat' dir='ltr'>dubitatur</span> <span class='ocrx_word' id='word_1_178' title='bbox 2130 2177 2194 2209; x_wconf 89' lang='lat' dir='ltr'>ne</span> <span class='ocrx_word' id='word_1_179' title='bbox 2224 2170 2444 2226; x_wconf 86' lang='lat' dir='ltr'>propter</span> 
     </span>
     <span class='ocr_line' id='line_1_22' title="bbox 435 2244 2438 2311; baseline 0.001 -17"><span class='ocrx_word' id='word_1_180' title='bbox 435 2244 681 2311; x_wconf 85' lang='lat' dir='ltr'>predicta</span> <span class='ocrx_word' id='word_1_181' title='bbox 710 2255 986 2295; x_wconf 88' lang='lat' dir='ltr'>tormenta</span> <span class='ocrx_word' id='word_1_182' title='bbox 1014 2244 1172 2294; x_wconf 92' lang='lat' dir='ltr'>citius</span> <span class='ocrx_word' id='word_1_183' title='bbox 1215 2244 1505 2295; x_wconf 88' lang='lat' dir='ltr'>decesserit</span> <span class='ocrx_word' id='word_1_184' title='bbox 1529 2263 1698 2310; x_wconf 87' lang='lat' dir='ltr'>quam</span> <span class='ocrx_word' id='word_1_185' title='bbox 1717 2244 1850 2294; x_wconf 89' lang='lat' dir='ltr'>alias</span> <span class='ocrx_word' id='word_1_186' title='bbox 1894 2244 2215 2296; x_wconf 88' lang='lat' dir='ltr'>decessisset</span> <span class='ocrx_word' id='word_1_187' title='bbox 2247 2245 2438 2296; x_wconf 88' lang='lat' dir='ltr'>mulier</span> 
     </span>
     <span class='ocr_line' id='line_1_23' title="bbox 432 2327 2440 2395; baseline -0 -15"><span class='ocrx_word' id='word_1_188' title='bbox 432 2329 750 2395; x_wconf 89' lang='lat' dir='ltr'>supradicta</span> <span class='ocrx_word' id='word_1_189' title='bbox 769 2327 812 2378; x_wconf 92' lang='lat' dir='ltr'>si</span> <span class='ocrx_word' id='word_1_190' title='bbox 830 2338 1168 2379; x_wconf 87' lang='lat' dir='ltr'>tormentata</span> <span class='ocrx_word' id='word_1_191' title='bbox 1191 2327 1419 2378; x_wconf 90' lang='lat' dir='ltr'>minime</span> <span class='ocrx_word' id='word_1_192' title='bbox 1439 2328 1740 2391; x_wconf 81' lang='lat' dir='ltr'>extitisset3</span> <span class='ocrx_word' id='word_1_193' title='bbox 1762 2338 1985 2395; x_wconf 92' lang='lat' dir='ltr'>propter</span> <span class='ocrx_word' id='word_1_194' title='bbox 2005 2328 2169 2394; x_wconf 90' lang='lat' dir='ltr'>quod,</span> <span class='ocrx_word' id='word_1_195' title='bbox 2191 2328 2440 2394; x_wconf 87' lang='lat' dir='ltr'>quamvis</span> 
     </span>
     <span class='ocr_line' id='line_1_24' title="bbox 433 2412 2438 2479; baseline 0.001 -17"><span class='ocrx_word' id='word_1_196' title='bbox 433 2423 657 2479; x_wconf 90' lang='lat' dir='ltr'>propter</span> <span class='ocrx_word' id='word_1_197' title='bbox 682 2412 1053 2463; x_wconf 87' lang='lat' dir='ltr'>defensionem</span> <span class='ocrx_word' id='word_1_198' title='bbox 1079 2422 1134 2462; x_wconf 88' lang='lat' dir='ltr'>et</span> <span class='ocrx_word' id='word_1_199' title='bbox 1160 2413 1336 2463; x_wconf 91' lang='lat' dir='ltr'>zelum</span> <span class='ocrx_word' id='word_1_200' title='bbox 1364 2412 1628 2463; x_wconf 87' lang='lat' dir='ltr'>catholice</span> <span class='ocrx_word' id='word_1_201' title='bbox 1659 2412 1786 2463; x_wconf 84' lang='lat' dir='ltr'>fidei</span> <span class='ocrx_word' id='word_1_202' title='bbox 1811 2412 2188 2475; x_wconf 88' lang='lat' dir='ltr'>consensisses,</span> <span class='ocrx_word' id='word_1_203' title='bbox 2218 2412 2438 2464; x_wconf 84' lang='lat' dir='ltr'>dubitas</span> 
     </span>
     <span class='ocr_line' id='line_1_25' title="bbox 429 2498 2436 2565; baseline 0 -17"><span class='ocrx_word' id='word_1_204' title='bbox 429 2498 847 2563; x_wconf 86' lang='lat' dir='ltr'>irregularitatis</span> <span class='ocrx_word' id='word_1_205' title='bbox 867 2500 1141 2549; x_wconf 89' lang='lat' dir='ltr'>maculam</span> <span class='ocrx_word' id='word_1_206' title='bbox 1159 2498 1465 2560; x_wconf 88' lang='lat' dir='ltr'>incurrisse,</span> <span class='ocrx_word' id='word_1_207' title='bbox 1500 2499 1657 2550; x_wconf 89' lang='lat' dir='ltr'>nobis</span> <span class='ocrx_word' id='word_1_208' title='bbox 1690 2498 1975 2549; x_wconf 90' lang='lat' dir='ltr'>humiliter</span> <span class='ocrx_word' id='word_1_209' title='bbox 2012 2498 2341 2565; x_wconf 85' lang='lat' dir='ltr'>supplicasti</span> <span class='ocrx_word' id='word_1_210' title='bbox 2375 2508 2436 2549; x_wconf 84' lang='lat' dir='ltr'>ut</span> 
     </span>
     <span class='ocr_line' id='line_1_26' title="bbox 431 2581 2436 2649; baseline 0 -17"><span class='ocrx_word' id='word_1_211' title='bbox 431 2592 616 2633; x_wconf 89' lang='lat' dir='ltr'>tecum</span> <span class='ocrx_word' id='word_1_212' title='bbox 656 2600 819 2648; x_wconf 91' lang='lat' dir='ltr'>super</span> <span class='ocrx_word' id='word_1_213' title='bbox 851 2581 1248 2647; x_wconf 84' lang='lat' dir='ltr'>irregularitate</span> <span class='ocrx_word' id='word_1_214' title='bbox 1290 2582 1333 2632; x_wconf 87' lang='lat' dir='ltr'>si</span> <span class='ocrx_word' id='word_1_215' title='bbox 1376 2602 1542 2648; x_wconf 88' lang='lat' dir='ltr'>quam</span> <span class='ocrx_word' id='word_1_216' title='bbox 1577 2585 1645 2633; x_wconf 89' lang='lat' dir='ltr'>ob</span> <span class='ocrx_word' id='word_1_217' title='bbox 1679 2584 1781 2633; x_wconf 89' lang='lat' dir='ltr'>hoc</span> <span class='ocrx_word' id='word_1_218' title='bbox 1812 2581 2089 2633; x_wconf 88' lang='lat' dir='ltr'>incurristi</span> <span class='ocrx_word' id='word_1_219' title='bbox 2129 2581 2436 2649; x_wconf 87' lang='lat' dir='ltr'>dispensare</span> 
     </span>
     <span class='ocr_line' id='line_1_27' title="bbox 432 2665 2436 2733; baseline 0 -18"><span class='ocrx_word' id='word_1_220' title='bbox 432 2665 849 2716; x_wconf 89' lang='lat' dir='ltr'>misericorditer</span> <span class='ocrx_word' id='word_1_221' title='bbox 868 2666 1233 2732; x_wconf 89' lang='lat' dir='ltr'>dignaremur.</span> <span class='ocrx_word' id='word_1_222' title='bbox 1258 2668 1366 2717; x_wconf 87' lang='lat' dir='ltr'>Nos</span> <span class='ocrx_word' id='word_1_223' title='bbox 1386 2666 1572 2733; x_wconf 90' lang='lat' dir='ltr'>itaque</span> <span class='ocrx_word' id='word_1_224' title='bbox 1593 2667 1701 2718; x_wconf 91' lang='lat' dir='ltr'>tuis</span> <span class='ocrx_word' id='word_1_225' title='bbox 1720 2667 1776 2717; x_wconf 87' lang='lat' dir='ltr'>in</span> <span class='ocrx_word' id='word_1_226' title='bbox 1794 2669 1894 2719; x_wconf 92' lang='lat' dir='ltr'>hac</span> <span class='ocrx_word' id='word_1_227' title='bbox 1914 2678 2070 2733; x_wconf 88' lang='lat' dir='ltr'>parte</span> <span class='ocrx_word' id='word_1_228' title='bbox 2089 2665 2436 2733; x_wconf 86' lang='lat' dir='ltr'>supplicatio-</span> 
     </span>
     <span class='ocr_line' id='line_1_28' title="bbox 429 2749 2438 2818; baseline 0.001 -19"><span class='ocrx_word' id='word_1_229' title='bbox 429 2750 587 2800; x_wconf 88' lang='lat' dir='ltr'>nibus</span> <span class='ocrx_word' id='word_1_230' title='bbox 606 2749 853 2801; x_wconf 90' lang='lat' dir='ltr'>inclinati</span> <span class='ocrx_word' id='word_1_231' title='bbox 872 2750 1155 2816; x_wconf 84' lang='lat' dir='ltr'>benignius</span> <span class='ocrx_word' id='word_1_232' title='bbox 1175 2762 1478 2801; x_wconf 88' lang='lat' dir='ltr'>annuentes</span> <span class='ocrx_word' id='word_1_233' title='bbox 1498 2771 1560 2802; x_wconf 91' lang='lat' dir='ltr'>ac</span> <span class='ocrx_word' id='word_1_234' title='bbox 1578 2751 1681 2802; x_wconf 90' lang='lat' dir='ltr'>tibi</span> <span class='ocrx_word' id='word_1_235' title='bbox 1699 2753 1763 2801; x_wconf 91' lang='lat' dir='ltr'>de</span> <span class='ocrx_word' id='word_1_236' title='bbox 1783 2751 1987 2802; x_wconf 88' lang='lat' dir='ltr'>salubri</span> <span class='ocrx_word' id='word_1_237' title='bbox 2003 2751 2242 2801; x_wconf 89' lang='lat' dir='ltr'>remedio</span> <span class='ocrx_word' id='word_1_238' title='bbox 2262 2750 2438 2818; x_wconf 90' lang='lat' dir='ltr'>provi-</span> 
     </span>
     <span class='ocr_line' id='line_1_29' title="bbox 429 2835 2438 2902; baseline 0 -18"><span class='ocrx_word' id='word_1_239' title='bbox 429 2835 552 2884; x_wconf 90' lang='lat' dir='ltr'>dere</span> <span class='ocrx_word' id='word_1_240' title='bbox 585 2836 849 2897; x_wconf 86' lang='lat' dir='ltr'>volentes,</span> <span class='ocrx_word' id='word_1_241' title='bbox 883 2846 1067 2886; x_wconf 89' lang='lat' dir='ltr'>tecum</span> <span class='ocrx_word' id='word_1_242' title='bbox 1095 2854 1256 2902; x_wconf 90' lang='lat' dir='ltr'>super</span> <span class='ocrx_word' id='word_1_243' title='bbox 1287 2835 1687 2901; x_wconf 85' lang='lat' dir='ltr'>irregularitate</span> <span class='ocrx_word' id='word_1_244' title='bbox 1722 2835 2052 2898; x_wconf 89' lang='lat' dir='ltr'>huiusmodi,</span> <span class='ocrx_word' id='word_1_245' title='bbox 2073 2836 2116 2886; x_wconf 89' lang='lat' dir='ltr'>si</span> <span class='ocrx_word' id='word_1_246' title='bbox 2136 2855 2300 2902; x_wconf 91' lang='lat' dir='ltr'>quam</span> <span class='ocrx_word' id='word_1_247' title='bbox 2320 2853 2438 2902; x_wconf 85' lang='lat' dir='ltr'>pro-</span> 
     </span>
     <span class='ocr_line' id='line_1_30' title="bbox 432 2919 2434 2988; baseline 0.001 -20"><span class='ocrx_word' id='word_1_248' title='bbox 432 2929 617 2984; x_wconf 88' lang='lat' dir='ltr'>pterea</span> <span class='ocrx_word' id='word_1_249' title='bbox 638 2919 870 2969; x_wconf 86' lang='lat' dir='ltr'>forsitan</span> <span class='ocrx_word' id='word_1_250' title='bbox 890 2919 1230 2983; x_wconf 88' lang='lat' dir='ltr'>contraxisti,</span> <span class='ocrx_word' id='word_1_251' title='bbox 1254 2921 1417 2986; x_wconf 81' lang='lat' dir='ltr'>quod,</span> <span class='ocrx_word' id='word_1_252' title='bbox 1438 2940 1500 2972; x_wconf 94' lang='lat' dir='ltr'>ea</span> <span class='ocrx_word' id='word_1_253' title='bbox 1527 2939 1634 2972; x_wconf 91' lang='lat' dir='ltr'>non</span> <span class='ocrx_word' id='word_1_254' title='bbox 1665 2922 1924 2973; x_wconf 89' lang='lat' dir='ltr'>obstante</span> <span class='ocrx_word' id='word_1_255' title='bbox 1944 2939 2127 2988; x_wconf 91' lang='lat' dir='ltr'>posses</span> <span class='ocrx_word' id='word_1_256' title='bbox 2147 2922 2217 2972; x_wconf 92' lang='lat' dir='ltr'>ad</span> <span class='ocrx_word' id='word_1_257' title='bbox 2250 2937 2434 2971; x_wconf 88' lang='lat' dir='ltr'>omnes</span> 
     </span>
     <span class='ocr_line' id='line_1_31' title="bbox 428 3002 2434 3070; baseline 0 -17"><span class='ocrx_word' id='word_1_258' title='bbox 428 3002 643 3054; x_wconf 88' lang='lat' dir='ltr'>ordines</span> <span class='ocrx_word' id='word_1_259' title='bbox 689 3005 999 3070; x_wconf 88' lang='lat' dir='ltr'>promoveri</span> <span class='ocrx_word' id='word_1_260' title='bbox 1037 3015 1094 3055; x_wconf 89' lang='lat' dir='ltr'>et</span> <span class='ocrx_word' id='word_1_261' title='bbox 1131 3004 1562 3056; x_wconf 89' lang='lat' dir='ltr'>ecclesiasticum</span> <span class='ocrx_word' id='word_1_262' title='bbox 1612 3005 1940 3056; x_wconf 88' lang='lat' dir='ltr'>beneficium</span> <span class='ocrx_word' id='word_1_263' title='bbox 1974 3005 2236 3067; x_wconf 87' lang='lat' dir='ltr'>obtinere,</span> <span class='ocrx_word' id='word_1_264' title='bbox 2271 3004 2434 3055; x_wconf 88' lang='lat' dir='ltr'>etiam</span> 
     </span>
     <span class='ocr_line' id='line_1_32' title="bbox 427 3087 2431 3157; baseline -0 -19"><span class='ocrx_word' id='word_1_265' title='bbox 427 3087 470 3138; x_wconf 84' lang='lat' dir='ltr'>si</span> <span class='ocrx_word' id='word_1_266' title='bbox 501 3087 737 3152; x_wconf 86' lang='lat' dir='ltr'>dignitas</span> <span class='ocrx_word' id='word_1_267' title='bbox 770 3088 951 3150; x_wconf 91' lang='lat' dir='ltr'>fuerit,</span> <span class='ocrx_word' id='word_1_268' title='bbox 985 3089 1317 3139; x_wconf 90' lang='lat' dir='ltr'>auctoritate</span> <span class='ocrx_word' id='word_1_269' title='bbox 1349 3090 1651 3157; x_wconf 88' lang='lat' dir='ltr'>apostolica</span> <span class='ocrx_word' id='word_1_270' title='bbox 1681 3089 2079 3156; x_wconf 87' lang='lat' dir='ltr'>dispensamus.</span> <span class='ocrx_word' id='word_1_271' title='bbox 2116 3088 2262 3140; x_wconf 91' lang='lat' dir='ltr'>Nulli</span> <span class='ocrx_word' id='word_1_272' title='bbox 2292 3106 2431 3154; x_wconf 88' lang='lat' dir='ltr'>ergo,</span> 
     </span>
     <span class='ocr_line' id='line_1_33' title="bbox 426 3163 2431 3239; baseline 0.001 -18"><span class='ocrx_word' id='word_1_273' title='bbox 426 3163 548 3232; x_wconf 50' lang='lat' dir='ltr'>ctcss,</span> <span class='ocrx_word' id='word_1_274' title='bbox 593 3182 775 3221; x_wconf 89' lang='lat' dir='ltr'>nostre</span> <span class='ocrx_word' id='word_1_275' title='bbox 819 3171 1240 3238; x_wconf 86' lang='lat' dir='ltr'>dispensationis</span> <span class='ocrx_word' id='word_1_276' title='bbox 1283 3173 1592 3239; x_wconf 82' lang='lat' dir='ltr'>infringere,</span> <span class='ocrx_word' id='word_1_277' title='bbox 1635 3185 1739 3225; x_wconf 89' lang='lat' dir='ltr'>etc.</span> <span class='ocrx_word' id='word_1_278' title='bbox 1783 3204 1851 3210; x_wconf 94' lang='lat'><strong>—</strong></span> <span class='ocrx_word' id='word_1_279' title='bbox 1895 3176 2102 3224; x_wconf 90' lang='lat' dir='ltr'>Datum</span> <span class='ocrx_word' id='word_1_280' title='bbox 2160 3172 2431 3234; x_wconf 88' lang='lat' dir='ltr'>Avinioni,</span> 
     </span>
     <span class='ocr_line' id='line_1_34' title="bbox 423 3256 1419 3327; baseline 0.004 -22"><span class='ocrx_word' id='word_1_281' title='bbox 423 3274 454 3306; x_wconf 94' lang='lat' dir='ltr'>v</span> <span class='ocrx_word' id='word_1_282' title='bbox 489 3256 750 3306; x_wconf 86' lang='lat' dir='ltr'>kalendas</span> <span class='ocrx_word' id='word_1_283' title='bbox 783 3256 1019 3322; x_wconf 86' lang='lat' dir='ltr'>augusti,</span> <span class='ocrx_word' id='word_1_284' title='bbox 1054 3275 1197 3327; x_wconf 83' lang='lat' dir='ltr'>anno</span> <span class='ocrx_word' id='word_1_285' title='bbox 1235 3258 1419 3309; x_wconf 88' lang='lat' dir='ltr'>tercio.</span> 
     </span>
    </p>
   </div>
   <div class='ocr_carea' id='block_1_3' title="bbox 423 3540 2426 3897">
    <p class='ocr_par' dir='ltr' id='par_1_3' title="bbox 423 3540 2424 3735">
     <span class='ocr_line' id='line_1_35' title="bbox 480 3540 2424 3599; baseline 0.002 -19"><span class='ocrx_word' id='word_1_286' title='bbox 480 3541 518 3581; x_wconf 91' lang='lat'>1.</span> <span class='ocrx_word' id='word_1_287' title='bbox 552 3540 728 3581; x_wconf 77' lang='lat' dir='ltr'>Fortius</span> <span class='ocrx_word' id='word_1_288' title='bbox 755 3541 948 3593; x_wconf 81' lang='lat' dir='ltr'>d’Auch,</span> <span class='ocrx_word' id='word_1_289' title='bbox 977 3557 1035 3584; x_wconf 91' lang='lat' dir='ltr'>ou</span> <span class='ocrx_word' id='word_1_290' title='bbox 1065 3545 1214 3596; x_wconf 87' lang='lat' dir='ltr'>Daux,</span> <span class='ocrx_word' id='word_1_291' title='bbox 1242 3546 1461 3586; x_wconf 88' lang='lat' dir='ltr'>chanoine</span> <span class='ocrx_word' id='word_1_292' title='bbox 1489 3548 1543 3587; x_wconf 88' lang='lat' dir='ltr'>de</span> <span class='ocrx_word' id='word_1_293' title='bbox 1572 3546 1773 3596; x_wconf 88' lang='lat' dir='ltr'>Poitiers,</span> <span class='ocrx_word' id='word_1_294' title='bbox 1803 3546 1988 3587; x_wconf 86' lang='lat' dir='ltr'>devient</span> <span class='ocrx_word' id='word_1_295' title='bbox 2014 3547 2185 3599; x_wconf 73' lang='lat' dir='ltr'>eveque</span> <span class='ocrx_word' id='word_1_296' title='bbox 2213 3546 2267 3585; x_wconf 90' lang='lat' dir='ltr'>de</span> <span class='ocrx_word' id='word_1_297' title='bbox 2310 3550 2424 3584; x_wconf 83' lang='lat' dir='ltr'>cette</span> 
     </span>
     <span class='ocr_line' id='line_1_36' title="bbox 423 3611 2420 3668; baseline 0.001 -18"><span class='ocrx_word' id='word_1_298' title='bbox 423 3611 569 3665; x_wconf 69' lang='lat' dir='ltr'>eglise,</span> <span class='ocrx_word' id='word_1_299' title='bbox 594 3612 633 3651; x_wconf 88' lang='lat' dir='ltr'>le</span> <span class='ocrx_word' id='word_1_300' title='bbox 660 3612 712 3650; x_wconf 82' lang='grc'>29</span> <span class='ocrx_word' id='word_1_301' title='bbox 739 3626 856 3652; x_wconf 85' lang='lat' dir='ltr'>mars</span> <span class='ocrx_word' id='word_1_302' title='bbox 883 3612 1014 3661; x_wconf 83' lang='lat'><strong>1314;</strong></span> <span class='ocrx_word' id='word_1_303' title='bbox 1042 3613 1070 3653; x_wconf 90' lang='lat' dir='ltr'>il</span> <span class='ocrx_word' id='word_1_304' title='bbox 1097 3622 1246 3655; x_wconf 85' lang='lat' dir='ltr'>meurt</span> <span class='ocrx_word' id='word_1_305' title='bbox 1269 3616 1308 3655; x_wconf 94' lang='lat' dir='ltr'>le</span> <span class='ocrx_word' id='word_1_306' title='bbox 1335 3617 1358 3656; x_wconf 89' lang='lat'><em>8</em></span> <span class='ocrx_word' id='word_1_307' title='bbox 1385 3630 1503 3656; x_wconf 88' lang='lat' dir='ltr'>mars</span> <span class='ocrx_word' id='word_1_308' title='bbox 1529 3617 1654 3657; x_wconf 88' lang='lat'><strong>1357.</strong></span> <span class='ocrx_word' id='word_1_309' title='bbox 1689 3616 1834 3657; x_wconf 80' lang='lat' dir='ltr'>Gallia</span> <span class='ocrx_word' id='word_1_310' title='bbox 1851 3615 2011 3668; x_wconf 65' lang='lat' dir='ltr'>christ„</span> <span class='ocrx_word' id='word_1_311' title='bbox 2029 3623 2062 3656; x_wconf 86' lang='lat' dir='ltr'>t.</span> <span class='ocrx_word' id='word_1_312' title='bbox 2090 3629 2140 3668; x_wconf 86' lang='lat'>11,</span> <span class='ocrx_word' id='word_1_313' title='bbox 2159 3613 2420 3663; x_wconf 86' lang='lat'>1190-1191;</span> 
     </span>
     <span class='ocr_line' id='line_1_37' title="bbox 423 3681 1058 3735; baseline 0.006 -15"><span class='ocrx_word' id='word_1_314' title='bbox 423 3682 580 3732; x_wconf 90' lang='lat' dir='ltr'>Eubel,</span> <span class='ocrx_word' id='word_1_315' title='bbox 605 3681 746 3732; x_wconf 66' lang='lat' dir='ltr'>Hier„</span> <span class='ocrx_word' id='word_1_316' title='bbox 773 3689 805 3722; x_wconf 90' lang='lat' dir='ltr'>t.</span> <span class='ocrx_word' id='word_1_317' title='bbox 833 3697 864 3734; x_wconf 88' lang='lat'>1,</span> <span class='ocrx_word' id='word_1_318' title='bbox 891 3697 933 3735; x_wconf 93' lang='lat' dir='ltr'>p.</span> <span class='ocrx_word' id='word_1_319' title='bbox 961 3684 1058 3724; x_wconf 89' lang='grc'>419.</span> 
     </span>
    </p>

    <p class='ocr_par' dir='ltr' id='par_1_4' title="bbox 426 3750 2426 3897">
     <span class='ocr_line' id='line_1_38' title="bbox 480 3750 2426 3810; baseline 0.003 -21"><span class='ocrx_word' id='word_1_320' title='bbox 480 3750 519 3790; x_wconf 86' lang='grc'>2.</span> <span class='ocrx_word' id='word_1_321' title='bbox 554 3751 743 3802; x_wconf 83' lang='lat' dir='ltr'>L&#39;usage</span> <span class='ocrx_word' id='word_1_322' title='bbox 766 3751 820 3791; x_wconf 87' lang='lat' dir='ltr'>de</span> <span class='ocrx_word' id='word_1_323' title='bbox 843 3752 884 3791; x_wconf 89' lang='lat' dir='ltr'>la</span> <span class='ocrx_word' id='word_1_324' title='bbox 910 3759 1082 3795; x_wconf 85' lang='lat' dir='ltr'>torturc</span> <span class='ocrx_word' id='word_1_325' title='bbox 1106 3756 1217 3796; x_wconf 88' lang='lat' dir='ltr'>dans</span> <span class='ocrx_word' id='word_1_326' title='bbox 1241 3756 1301 3797; x_wconf 90' lang='lat' dir='ltr'>lcs</span> <span class='ocrx_word' id='word_1_327' title='bbox 1327 3755 1573 3797; x_wconf 85' lang='lat' dir='ltr'>tribunaux</span> <span class='ocrx_word' id='word_1_328' title='bbox 1597 3756 1918 3810; x_wconf 83' lang='lat' dir='ltr'>d&#39;Inquisition</span> <span class='ocrx_word' id='word_1_329' title='bbox 1942 3756 2014 3796; x_wconf 91' lang='lat' dir='ltr'>fut</span> <span class='ocrx_word' id='word_1_330' title='bbox 2036 3755 2232 3796; x_wconf 62' lang='lat' dir='ltr'>autoris&amp;</span> <span class='ocrx_word' id='word_1_331' title='bbox 2257 3769 2337 3808; x_wconf 86' lang='lat' dir='ltr'>par</span> <span class='ocrx_word' id='word_1_332' title='bbox 2352 3754 2426 3795; x_wconf 86' lang='lat' dir='ltr'>des</span> 
     </span>
     <span class='ocr_line' id='line_1_39' title="bbox 426 3820 2424 3897; baseline 0.002 -36"><span class='ocrx_word' id='word_1_333' title='bbox 426 3822 567 3862; x_wconf 87' lang='lat' dir='ltr'>bulles</span> <span class='ocrx_word' id='word_1_334' title='bbox 605 3820 874 3862; x_wconf 87' lang='lat' dir='ltr'>d’Innocent</span> <span class='ocrx_word' id='word_1_335' title='bbox 914 3822 989 3873; x_wconf 88' lang='lat' dir='ltr'>IV,</span> <span class='ocrx_word' id='word_1_336' title='bbox 1026 3825 1079 3865; x_wconf 73' lang='lat'>15</span> <span class='ocrx_word' id='word_1_337' title='bbox 1118 3825 1207 3866; x_wconf 85' lang='lat' dir='ltr'>mai</span> <span class='ocrx_word' id='word_1_338' title='bbox 1245 3826 1355 3867; x_wconf 83' lang='grc'>1252</span> <span class='ocrx_word' id='word_1_339' title='bbox 1398 3826 1644 3878; x_wconf 86' lang='lat' dir='ltr'>(Potthast,</span> <span class='ocrx_word' id='word_1_340' title='bbox 1681 3841 1724 3867; x_wconf 90' lang='lat' dir='ltr'>n.</span> <span class='ocrx_word' id='word_1_341' title='bbox 1776 3826 1951 3879; x_wconf 88' lang='lat'><strong>14592)‚</strong></span> <span class='ocrx_word' id='word_1_342' title='bbox 1995 3825 2296 3866; x_wconf 85' lang='lat' dir='ltr'>d&#39;Alexandre</span> <span class='ocrx_word' id='word_1_343' title='bbox 2329 3823 2424 3897; x_wconf 51' lang='lat' dir='ltr'>JV,</span> 
     </span>
    </p>
   </div>
  </div>
 </body>
</html>
