2540 4354
807 211 850 223 -ae

407 366 509 416 248
798 380 1084 414 BULLMRE
1128 379 1202 410 DE
1245 360 1660 421 L’momsrron
1706 378 2021 422 FRANQAlsE

407 516 571 563 super
611 495 851 546 heretica
895 493 1194 560 pravitate,
1214 493 1282 542 ad
1327 493 1811 543 denunciationem
1853 502 2119 543 secretam
2164 509 2419 557 quorum-

407 583 534 632 dam
576 580 881 630 emulorum
923 596 1146 628 suorum
1189 587 1378 627 contra
1423 595 1557 643 quos
1598 577 1743 628 idem
1787 577 2106 627 Guillelmus
2125 576 2418 626 defunctus

406 683 500 731 per
530 665 678 731 viam
706 663 836 712 iuris
868 679 1030 727 super
1061 661 1219 711 certis
1251 661 1494 712 articulis
1525 661 1581 712 in
1610 661 1810 711 iudicio
1842 661 2018 710 victor
2047 660 2246 721 fuerat,
2291 678 2415 710 eum

407 767 588 798 coram
620 765 673 798 se
705 746 1064 813 personaliter
1095 745 1252 798 citari
1282 745 1429 807 fecit,
1462 763 1704 796 asserens
1738 764 1791 796 se
1835 744 2182 810 inquisivisse
2207 746 2271 794 de
2313 744 2418 794 fide

407 844 595 883 contra
630 850 755 881 eum
788 831 915 881 licet
949 831 1255 891 absentem,
1290 829 1455 895 idque
1490 830 1707 896 penitus
1742 830 2105 895 ignorantem,-
2141 848 2203 879 ac
2236 829 2415 895 ipsum

406 918 471 966 de
526 934 623 965 sua
678 915 921 982 puritate
977 914 1247 964 confisum
1302 925 1717 980 comparentem
1771 925 1826 963 et
1880 923 2161 980 petentem
2206 913 2418 979 copiam

406 1018 687 1067 processus
718 1009 907 1048 contra
938 999 1194 1047 eumdem
1223 998 1375 1060 facti,
1406 1009 1469 1048 ut
1499 999 1564 1049 de
1594 998 1729 1050 falso
1761 1009 1946 1065 posset
1975 1008 2142 1047 testes
2173 1015 2416 1062 arguere,

405 1103 615 1135 necnon
652 1093 984 1140 asserentem
1023 1084 1168 1147 quod
1206 1083 1308 1148 ipsi
1344 1083 1509 1132 emuli
1545 1083 1647 1133 sibi
1684 1083 1902 1132 fuerant
1939 1081 2154 1147 publice
2191 1081 2414 1131 commi-

405 1169 523 1218 nati
565 1168 710 1233 quod
752 1167 933 1234 ipsum
975 1166 1191 1217 realiter
1232 1177 1286 1215 et
1330 1167 1687 1232 personaliter
1718 1177 1972 1216 curarent
2003 1165 2221 1232 penitus
2264 1165 2415 1215 dissi-

406 1252 541 1319 pari,
597 1251 912 1302 huiusmodi
967 1250 1121 1317 copia
1179 1252 1466 1315 denegata,
1525 1251 1653 1300 fecit
1722 1251 1856 1301 adeo
1926 1250 2054 1299 diris
2112 1250 2416 1300 carceribus

406 1336 708 1402 mancipari
774 1337 919 1402 quod
1021 1335 1160 1385 infra
1228 1337 1392 1385 breve
1457 1346 1676 1402 tempus
1755 1335 1959 1385 ibidem
2039 1333 2418 1384 miserabiliter

405 1420 706 1485 expiravit3
757 1430 884 1485 post
934 1419 1086 1469 cuius
1138 1419 1353 1469 obitum
1402 1419 1516 1485 ipse
1583 1419 1903 1469 Guillelmus
1966 1418 2079 1469 eius
2146 1417 2286 1468 filius
2349 1418 2418 1467 ad

406 1505 750 1570 purgandam
800 1504 1006 1553 famam
1055 1503 1190 1554 dicti
1236 1503 1408 1570 patris
1455 1514 1512 1553 et
1560 1522 1718 1554 suam
1765 1522 1828 1554 ac
1877 1502 2083 1568 generis
2133 1502 2418 1567 utriusque

405 1588 684 1637 humiliter
728 1587 890 1654 petiit
934 1589 1003 1638 ab
1049 1587 1372 1653 inquisitore
1419 1588 1665 1654 predicto
1711 1588 1815 1639 sibi
1859 1586 2082 1638 concedi
2128 1597 2190 1636 ut
2235 1595 2418 1652 posset

405 1672 715 1738 predictum
747 1683 962 1738 patrem
994 1672 1357 1722 ecclesiastice
1389 1674 1604 1722 tradere
1637 1673 1933 1739 sepulture,
1967 1671 2179 1737 sibique
2211 1670 2417 1720 dictam

406 1756 619 1822 copiam
653 1757 858 1806 faceret
890 1767 952 1806 ut
987 1757 1307 1807 memoriam
1340 1757 1507 1823 ipsius
1543 1757 1715 1823 patris
1748 1768 2020 1822 tanquam
2052 1755 2167 1814 veri
2198 1765 2254 1804 et
2287 1754 2415 1804 boni

405 1840 689 1891 christiani
717 1851 902 1907 posset
931 1842 1238 1892 defendere.
1272 1842 1377 1892 Sed
1406 1843 1553 1892 idem
1580 1841 1874 1908 inquisitor
1892 1842 1989 1891 hec
2008 1858 2225 1907 prorsus
2244 1839 2419 1890 facere

405 1925 716 1989 denegavit,
754 1944 1095 1991 quamquam
1129 1944 1290 1991 super
1324 1927 1427 1975 hoc
1462 1926 1655 1976 fuisset
1689 1926 1888 1992 pluries
1924 1925 2203 1975 humiliter
2237 1941 2418 1973 coram

406 2009 647 2079 personis
709 2010 1002 2060 autenticis
1074 2011 1399 2076 requisitus;
1461 2021 1686 2077 propter
1730 2028 1834 2076 que
1893 2010 2039 2060 idem
2101 2009 2417 2058 Guillelmus

411 2093 839 2160 filius‚tempore
887 2093 1054 2143 [elicis
1097 2095 1492 2146 recordationis
1539 2095 1808 2146 Johannis
1854 2112 1993 2161 pape
2043 2093 2419 2159 XXIIprede-

407 2177 631 2227 cessoris
677 2179 869 2239 nostri,
902 2180 970 2229 ad
1020 2179 1215 2229 Sedem
1263 2180 1624 2246 apostolicam
1673 2179 1995 2246 appellavit,
2028 2178 2418 2245 propositoque

406 2261 719 2312 huiusmodi
766 2262 988 2328 negocio
1036 2263 1089 2312 in
1139 2263 1459 2314 consistorio
1509 2282 1692 2315 coram
1739 2264 1856 2330 ipso
1906 2263 2299 2330 predecessore,
2348 2261 2411 2311 de

408 2347 672 2397 mandato
703 2366 799 2397 suo
829 2348 974 2398 idem
1004 2348 1299 2414 inquisitor
1328 2359 1461 2398 tunc
1493 2367 1710 2399 morans
1743 2348 2014 2399 Avinione
2044 2347 2152 2397 fuit
2182 2347 2251 2397 ad
2282 2344 2416 2395 iudi-

407 2430 550 2480 cium
619 2442 900 2494 evocatus,
971 2433 1064 2482 sed
1135 2434 1204 2483 ob
1273 2434 1755 2499 supervenientem
1826 2432 1959 2483 dicti
2027 2430 2418 2499 predecessoris

406 2515 622 2566 obitum
646 2533 757 2566 non
783 2516 890 2566 fuit
916 2517 1060 2568 ultra
1089 2536 1404 2583 processum
1430 2518 1485 2568 in
1511 2518 1737 2584 negocio
1756 2519 2045 2585 prelibato.
2069 2518 2246 2581 Quare
2262 2514 2417 2566 nobis

406 2599 685 2666 predictus
727 2600 1047 2652 Guillelmus
1091 2602 1233 2653 filius
1275 2601 1557 2653 humiliter
1595 2602 1932 2669 supplicavit
1971 2612 2035 2652 ut
2076 2620 2199 2652 cum
2241 2601 2418 2660 dictus

405 2683 698 2750 inquisitor
726 2703 789 2736 ac
818 2685 931 2736 eius
961 2695 1017 2736 et
1046 2685 1208 2737 officii
1236 2686 1320 2737 sui
1351 2687 1710 2738 commissarii
1740 2697 1964 2754 propter
1993 2686 2416 2754 appellationem

406 2768 723 2828 huiusmodi
754 2769 996 2835 graviter
1027 2771 1377 2838 conceperint
1409 2782 1599 2822 contra
1632 2790 1778 2835 eum,
1812 2772 2024 2838 sibique
2055 2771 2417 2838 periculosum

407 2853 612 2904 existat
646 2855 828 2920 quoad
862 2855 1070 2907 famam
1103 2866 1159 2906 et
1190 2874 1274 2907 res
1307 2875 1433 2908 suas
1468 2857 1511 2906 si
1538 2857 1781 2907 eiusdem
1816 2857 1988 2923 patris
2022 2857 2198 2906 vitam
2233 2856 2416 2906 catho-

405 2938 566 2988 licam
605 2949 660 2989 et
699 2940 1020 2991 memoriam
1058 2939 1282 2992 minime
1320 2941 1632 2992 defensaret
1669 2952 1725 2992 et
1761 2943 1919 3007 longe
1958 2941 2310 3008 periculosius
2348 2939 2417 2988 sit

405 3022 580 3072 eidem
639 3023 693 3072 in
725 3042 919 3075 manus
977 3025 1316 3091 inquisitoris
1374 3036 1430 3075 et
1488 3026 1989 3077 commissariorum
2046 3026 2415 3091 predictorum

405 3106 659 3168 incidere,
693 3108 981 3173 providere
1013 3127 1175 3176 super
1206 3110 1481 3176 premissis
1514 3128 1609 3177 per
1641 3110 1941 3177 opportuni
1970 3109 2198 3160 remedii
2229 3109 2417 3159 suffra-

407 3190 555 3255 gium
584 3192 648 3240 de
679 3193 980 3258 apostolica
1012 3193 1301 3243 clementia
1344 3195 1710 3260 dignaremur.
1758 3194 2022 3257 Quocirca
2082 3190 2421 3243 fraternitati

406 3285 497 3324 tue
537 3295 631 3342 per
667 3277 969 3343 apostolica
1006 3277 1210 3343 scripta
1249 3279 1650 3330 committimus
1687 3290 1743 3329 et
1780 3279 2108 3330 mandamus
2141 3278 2421 3344 quatinus,

407 3360 618 3410 vocatis
650 3361 744 3426 qui
772 3362 978 3411 fuerint
1008 3363 1295 3427 evocandi⁷
1328 3381 1552 3414 causam
1582 3363 1753 3429 ipsius
1785 3362 2170 3429 appellationis
2189 3373 2244 3412 et
2261 3379 2419 3426 nego-

409 3443 474 3492 cii
503 3444 815 3510 principalis
846 3464 970 3495 cum
999 3463 1120 3496 eam
1139 3447 1606 3513 contingentibus,
1626 3447 2031 3513 emergentibus
2060 3457 2116 3497 et
2145 3445 2418 3509 connexis,

407 3527 726 3594 simpliciter
761 3549 823 3580 ac
860 3531 924 3580 de
963 3532 1126 3597 plano
1163 3531 1277 3582 sine
1314 3532 1552 3600 strepitu
1588 3542 1644 3583 et
1682 3533 1856 3598 figura
1893 3531 2080 3582 iudicii
2128 3530 2318 3582 audias
2367 3537 2420 3579 et

410 3611 513 3660 fine
558 3614 816 3663 canonico
860 3615 1153 3665 terminare
1197 3635 1468 3682 procures,
1513 3617 1715 3668 faciens
1772 3618 1917 3683 quod
1974 3615 2274 3666 decreveris
2329 3631 2419 3680 per

411 3713 694 3747 censuram
727 3699 1152 3749 ecclesiasticam
1187 3701 1404 3751 sublato
1439 3701 1825 3767 appellationis
1859 3701 2145 3751 obstaculo
2196 3699 2421 3750 firmiter

409 3780 702 3836 observari.
743 3782 928 3835 Testes
968 3794 1154 3837 autem
1195 3784 1287 3854 qui
1325 3785 1529 3836 fuerint
1566 3785 1855 3848 nominati,
1888 3785 1930 3834 si
1969 3802 2021 3833 se
2061 3783 2252 3853 gratia,
2293 3781 2415 3833 odio
