2540 4354
424 391 521 441 122
807 406 1094 439 BULLAIRE
1144 406 1218 438 DE
1261 387 1674 445 L’1NQu1svrioN
1718 399 2034 442 FRANcAtsE

418 526 631 576 clament
657 523 844 573 avertis
870 521 1071 572 d'avoir
1095 524 1128 571 ὰ
1153 519 1433 570 s’abstenir
1458 518 1518 568 de
1544 536 1622 567 ces
1648 515 1931 582 pratiques',
1962 532 2024 564 ne
2049 532 2101 563 se
2125 524 2295 563 seront
2319 532 2415 579 pas

422 609 622 659 soumis
663 608 796 658 dans
837 608 907 656 les
949 606 1063 656 huit
1100 604 1265 670 jours,
1309 613 1479 653 seront
1519 600 1826 667 poursaivis
1867 617 2059 648 comme
2114 597 2410 664 here'tiqueS.

423 693 596 743 Μέιηε
629 709 835 741 menace
865 701 1034 740 contre
1065 689 1135 740 les
1166 689 1453 738 de'tenteurs
1485 686 1544 735 de
1575 685 1727 735 lim-es
1759 684 1818 734 de
1852 683 2022 748 magie
2052 681 2142 747 qui
2175 681 2296 731 n’en
2326 700 2416 731 au-

419 790 535 829 ront
565 795 664 843 pas
696 775 796 841 fait
827 773 1012 824 remise
1044 773 1178 823 dans
1211 773 1263 823 la
1295 771 1550 822 haitaine.
1586 799 1655 805 ——-
1687 769 1958 834 Avignon,
1995 766 2129 817 1326
2162 782 2233 815 ou
2268 765 2416 818 1327.

764 930 1006 985 Raynaldi,
1041 930 1182 982 Ann.,
1218 929 1276 969 ad
1312 941 1416 969 ann.
1454 926 1582 978 1327,
1618 939 1661 966 n.
1699 925 1774 973 45;
1812 923 1972 976 Magn.
1996 923 2317 971 Ball.roman.,
2350 923 2418 964 ed.

703 1001 1007 1056 Cocquelines,
1038 1008 1072 1042 t.
1104 1014 1175 1052 111,
1207 1005 1324 1052 part.
1358 999 1398 1049 2,
1431 1012 1474 1050 p.
1507 997 1590 1037 194
1602 1011 1611 1045 ;
1647 995 1846 1046 Hansen,
1876 994 2054 1045 Quellen
2090 993 2182 1035 und
2215 993 2402 1035 Umersu

704 1075 903 1126 chungen
938 1086 1014 1114 zur
1055 1069 1298 1112 Geschichte
1332 1069 1404 1110 des
1438 1064 1757 1118 Hexenwahns,
1785 1081 1828 1119 p.
1858 1067 1883 1107 5
1927 1080 1970 1107 n.
1999 1066 2039 1106 5.

492 1218 666 1283 Super
702 1215 844 1266 illius
882 1213 1122 1280 specula.
1170 1243 1238 1250 —
1273 1211 1482 1261 Datum
1521 1206 1797 1270 Avinioni,
1841 1217 1944 1260 etc.

1263 1664 1581 1723 -73-

493 1831 632 1880 Jean
670 1830 854 1879 XXII
893 1830 1141 1895 confirme
1178 1849 1313 1895 pour
1355 1830 1578 1895 Jacqaes
1619 1828 1898 1890 Fournier,
1939 1830 2120 1893 ἑνέᾳαε
2158 1826 2218 1875 de
2259 1826 2420 1875 Mire-

430 1915 572 1980 poix,
624 1916 676 1965 la
723 1915 1023 1965 conces-sion
1071 1914 1465 1980 d’indulgences
1511 1915 1544 1962 ὰ
1593 1914 1671 1964 ἰαί
1720 1913 1848 1978 saite
1893 1911 2072 1962 tandis
2135 1910 2265 1977 qu’il
2305 1911 2424 1962 e'tait

425 2003 607 2065 evaque
638 2000 698 2049 de
730 1999 989 2062 Pamiers,
1023 2018 1088 2049 en
1119 2002 1446 2065 re'compense
1477 1999 1537 2049 de
1568 2018 1663 2048 son
1708 1998 1807 2048 zele
1853 2008 2022 2047 contre
2069 1995 2315 2046 l’he‘re‘sie.
2359 2024 2425 2032 —

426 2082 695 2150 Avignon,
733 2084 796 2134 12
822 2084 1035 2150 janvier
1064 2084 1214 2135 1327.

763 2219 870 2272 Reg.
912 2219 1026 2272 Vat„
1063 2226 1096 2261 t.
1135 2233 1319 2272 Lxxxn,
1357 2234 1425 2273 ep.
1464 2221 1568 2268 633;
1604 2219 1710 2272 Reg.
1747 2219 1902 2271 Aven„
1940 2227 1972 2260 t.
2011 2233 2144 2271 xxw,
2176 2218 2253 2260 fol.
2271 2218 2367 2259 413.

495 2340 802 2391 Venerabili
837 2341 994 2390 fratri
1031 2341 1238 2391 Jacobo
1276 2340 1313 2403 1,
1350 2340 1604 2407 episcopo
1644 2340 2032 2406 Miraspiscen.,
2070 2341 2320 2390 salutem.
2359 2369 2424 2375 —-

427 2425 649 2475 Dudum
691 2436 745 2474 te
788 2425 1006 2475 ecclesie
1050 2425 1449 2491 Appamiarum
1491 2425 1740 2491 regimini
1781 2424 2090 2491 presidente
2132 2444 2194 2475 ac
2237 2443 2329 2490 per
2370 2435 2422 2473 te

423 2510 577 2560 nobis
609 2510 858 2576 exposito
892 2511 1038 2576 quod
1070 2521 1132 2560 tu
1163 2511 1274 2560 zelo
1307 2510 1392 2577 pie
1424 2505 1732 2560 devotionis
1764 2529 2021 2561 accensus
2053 2510 2208 2560 iuxta
2241 2520 2420 2576 pasto-

421 2594 545 2644 ralis
596 2594 756 2645 officii
804 2595 1053 2645 debitum
1104 2596 1305 2646 multos
1353 2596 1564 2646 labores
1613 2595 1669 2645 in
1723 2594 2080 2660 Inquisitione
2130 2593 2419 2661 pravitatis

423 2679 656 2730 heretice
694 2698 860 2746 quam
895 2677 950 2730 in
985 2679 1113 2730 locis
1150 2690 1284 2730 tunc
1319 2680 1422 2730 tibi
1457 2679 1714 2730 subiectis
1751 2698 2067 2730 exercueras
2105 2698 2200 2745 pro
2237 2679 2421 2730 favore

427 2764 552 2814 fidei
587 2765 888 2830 pertuleras
925 2775 979 2814 et
1015 2766 1272 2830 sperabas
1307 2764 1363 2814 in
1419 2775 1580 2815 antea
1618 2764 1879 2830 perferre3
1916 2783 2031 2826 nos,
2069 2774 2131 2813 ut
2168 2762 2420 2829 predictis

423 2849 700 2899 laboribus
731 2849 942 2899 fructus
974 2867 1068 2915 per
1100 2868 1262 2915 quem
1293 2859 1479 2900 eterna
1511 2849 1614 2899 tibi
1643 2859 2188 2914 recompensarentur
2219 2846 2420 2914 premia

424 2953 531 2983 non
564 2935 791 2996 deesset,
825 2934 943 2995 tibi,
978 2953 1073 3000 pro
1107 2932 1419 2985 huiusmodi
1452 2934 1670 2999 negotio
1701 2933 1993 2996 laboranti,
2026 2934 2175 2984 illam
2207 2934 2420 2999 plenam

424 3028 647 3067 tuorum
700 3029 1052 3084 peccatorum
1106 3018 1325 3068 veniam
1357 3011 1618 3068 duximus
1636 3018 2028 3083 indulgendam
2064 3036 2166 3083 que
2200 3014 2418 3083 inquisi-

423 3102 633 3152 toribus
664 3102 956 3168 pravitatis
986 3101 1228 3152 eiusdem
1259 3121 1352 3168 per
1380 3102 1678 3168 apostolice
1709 3102 1858 3153 Sedis
1888 3100 2169 3168 privilegia
2186 3112 2268 3152 est
2301 3097 2445 3151 con-‘

426 3206 570 3237 cessa
599 3187 644 3248 ²3
691 3205 787 3237 nos
814 3186 980 3252 igitur
1004 3188 1300 3253 [nolentes]
1326 3206 1393 3237 ex
1419 3205 1479 3237 eo
1509 3188 1655 3253 quod
1683 3188 2039 3253 postmodum
2066 3197 2120 3236 te
2147 3206 2175 3237 a
2204 3186 2418 3236 vinculo

425 3289 530 3335 quo
565 3271 739 3320 eidem
773 3271 1171 3337 Appamiarum
1204 3272 1423 3323 ecclesie
1455 3272 1727 3322 tenebaris
1761 3271 2090 3322 auctoritate
2125 3270 2420 3337 apostolica

424 3354 641 3420 penitus
674 3357 1039 3418 absolventes,
1073 3358 1141 3406 ad
1176 3357 1616 3423 Mirapiscensem
1648 3355 1929 3407 ecclesiam
1961 3355 2218 3406 duximus
2250 3366 2421 3405 trans-

425 3441 709 3489 ferendum
739 3439 760 3469 3
793 3459 822 3490 a
857 3440 1102 3506 predicta
1135 3441 1481 3506 indulgencia
1515 3440 1717 3491 sentias
1750 3451 1804 3490 te
1821 3441 2122 3502 exclusum,
2145 3440 2237 3506 qui
2257 3439 2420 3489 etiam

425 3525 565 3574 sicut
596 3525 904 3590 accepimus
935 3525 991 3574 in
1013 3525 1431 3590 Inquisitionem
1464 3526 1777 3576 huiusmodi
1809 3526 2008 3575 devote
2038 3526 2284 3575 laborare
2315 3541 2420 3573 non

428 3628 627 3670 cessas3
689 3628 784 3659 nos
826 3609 934 3659 tuis
977 3610 1469 3675 supplicationibus
1511 3610 1775 3671 inclinati,
1819 3610 1920 3659 tibi
1962 3629 2056 3675 pro
2113 3605 2422 3659 huiusmodi

432 3693 803 3758 Inquisitionis
852 3694 1072 3758 negocio
1122 3695 1412 3756 laboranti,
1463 3696 1692 3745 eandem
1741 3694 2142 3758 indulgenciam
2192 3691 2420 3744 auctori-

430 3787 544 3828 tate
571 3777 813 3843 predicta
840 3779 904 3828 de
931 3777 1150 3844 speciali
1175 3779 1348 3844 gratia
1375 3771 1632 3829 duximus
1660 3779 2082 3830 concedendam.
2113 3777 2258 3828 Nulli
2282 3793 2421 3842 erge,
