2540 4354
425 348 523 402 136
813 366 1099 399 BULLAmE
1141 366 1216 398 DE
1259 346 1675 408 L’INQUISITloN
1719 362 2039 408 FRANQAlsn

417 519 421 525 ·
495 487 655 535 Petro
703 480 928 544 Brunil,
979 482 1044 531 de
1094 479 1281 531 ordine
1330 480 1756 546 predicatorum,
1819 479 2132 547 inquisitori
2194 481 2426 533 heretice

423 567 717 635 pravitatis
747 567 803 617 in
834 565 1085 632 partibus
1114 563 1439 615 Tholosanis
1459 563 1792 616 auctoritate
1814 564 2115 630 apostolica
2138 565 2425 631 deputato,

422 681 491 688 --
517 653 741 702 Dudum
766 650 870 700 tibi
917 650 982 699 de
1008 645 1159 698 cuius
1188 648 1676 714 circumspectione
1705 649 1923 714 plenam
1949 649 2004 698 in
2034 649 2268 699 Domino
2292 649 2426 700 fidu-

422 734 562 788 ciam
597 732 830 802 gerimus
865 731 1235 798 inquisitionis
1271 732 1507 782 heretice
1543 732 1835 798 pravitatis
1873 732 2110 782 officium
2145 732 2200 783 in
2233 732 2428 784 Tholo-

422 818 564 871 sanis
602 829 658 869 et
693 817 810 869 aliis
848 816 1099 883 partibus
1136 816 1192 866 in
1230 815 1429 882 quibus
1466 816 1600 867 illud
1638 816 1721 867 tui
1741 818 2147 883 predecessores
2168 817 2223 868 in
2242 819 2431 869 eodem

422 904 596 955 officio
642 911 1046 953 consueverunt
1090 901 1356 952 hactenus
1402 919 1582 966 gerere
1640 919 1735 967 per
1791 912 2007 952 nostras
2052 901 2186 952 certi
2228 902 2429 954 tenoris

420 989 632 1038 litteras
676 985 1047 1037 commisimus
1090 986 1472 1036 exercendum.
1519 985 1657 1036 Sane
1701 985 1827 1052 quia
1870 1004 2016 1036 nunc
2073 1004 2167 1052 per
2222 986 2430 1052 aliquos

422 1072 622 1122 dicitur
661 1071 716 1120 in
757 1069 987 1120 dubium
1026 1069 1272 1119 revocari
1311 1087 1380 1120 an
1420 1069 1585 1119 iidem
1640 1071 2043 1136 predecessores
2097 1070 2153 1120 in
2208 1070 2432 1123 civitate

421 1156 778 1220 Burdegalen.
829 1165 884 1204 et
927 1153 1326 1204 circumvicinis
1371 1154 1620 1220 partibus
1664 1154 1810 1204 soliti
1852 1154 2057 1205 fuerint
2099 1166 2154 1205 et
2195 1155 2298 1205 tibi
2340 1174 2432 1222 per

422 1258 758 1306 consequens
799 1239 1011 1289 dictum
1049 1237 1254 1288 ibidem
1295 1249 1578 1304 competat
1618 1239 1857 1289 officium
1896 1258 2161 1302 exercere,
2201 1258 2299 1290 nos
2340 1240 2431 1306 qui

422 1324 705 1390 negotium
736 1323 862 1373 fidei
890 1323 1093 1389 ubique
1121 1322 1352 1373 sublatis
1380 1321 1789 1389 impedimentis
1819 1321 2156 1390 quibuslibet
2184 1321 2431 1390 cupimus

381 1416 384 1417 ’
421 1406 745 1475 prosperari,
770 1409 1014 1458 volentes
1041 1403 1290 1473 periculis
1316 1426 1419 1472 que
1443 1407 1582 1458 circa
1606 1408 1817 1459 dictum
1839 1408 2121 1474 negotium
2153 1427 2222 1459 ex
2257 1407 2434 1460 dubiis

423 1493 738 1543 huiusmodi
772 1502 996 1559 possent
1031 1491 1344 1557 contingere
1379 1492 1670 1542 salubriter
1705 1492 1934 1555 obviari,
1969 1504 2023 1543 te
2059 1511 2214 1559 posse
2247 1493 2304 1543 in
2337 1493 2431 1543 eis-

423 1579 547 1628 dem
601 1577 826 1627 civitate
878 1595 941 1628 ac
993 1576 1243 1642 partibus
1297 1576 1535 1626 officium
1587 1595 1834 1627 exercere
1886 1577 2197 1644 predictum
2247 1588 2432 1628 tenore

424 1661 761 1729 presentium
786 1662 1144 1711 declaramus,
1174 1662 1274 1711 Per
1298 1662 1398 1711 hoc
1422 1671 1610 1711 tamen
1647 1661 1970 1712 intentionis
2008 1673 2191 1712 nostre
2230 1680 2431 1728 nequa-

426 1766 592 1813 quam
630 1745 820 1796 extitit
855 1764 953 1795 nec
990 1745 1180 1796 existit
1217 1745 1379 1796 alicui
1415 1746 1506 1796 alii
1543 1746 1629 1796 cui
1666 1746 1850 1797 forsan
1886 1746 2001 1796 iure
2039 1746 2310 1797 ordinario
2349 1747 2432 1797 vel

425 1851 493 1881 ex
519 1830 860 1896 delegatione
900 1827 1052 1880 Sedis
1096 1829 1395 1896 apostolice
1436 1841 1627 1882 contra
1667 1829 1933 1880 hereticos
1977 1839 2076 1881 aut
2127 1831 2424 1891 credenteS‚

423 1915 667 1965 fautores
697 1914 783 1964 vel
823 1923 1193 1986 receptatores
1231 1913 1448 1963 illorum
1476 1913 1533 1963 in
1562 1914 1767 1965 eisdem
1794 1915 2021 1966 civitate
2076 1934 2137 1966 ac
2177 1916 2428 1980 partibus

422 1999 507 2050 ius
549 1999 879 2066 procedendi
919 2009 1257 2065 competeret
1298 1999 1429 2064 quin
1469 1999 1584 2065 ipse
1625 2019 1732 2050 una
1773 2010 1958 2050 tecum
1999 2001 2085 2050 vel
2126 2019 2220 2066 per
2259 2019 2313 2050 se
2353 2000 2434 2050 uti

423 2085 540 2135 iure
577 2103 674 2135 suo
714 2085 899 2135 valeat
935 2083 1092 2134 iuxta
1131 2083 1440 2134 sanctiones
1480 2085 1755 2149 derogare.
1797 2114 1865 2120 —
1906 2085 2113 2135 Datum
2181 2083 2434 2135 Avinioni

428 2189 534 2220 vn1
566 2170 827 2220 kalendas
861 2168 1066 2232 marcii,
1099 2187 1242 2220 anno
1275 2168 1666 2220 tertiodecimo.

535 2334 575 2374 1.
609 2332 717 2375 Voir
742 2348 786 2375 n.
816 2334 886 2386 59,
915 2341 1022 2375 note
1049 2333 1090 2375 1.

1280 2731 1595 2791 -84-

501 2893 573 2943 Le
595 2912 736 2960 pape
756 2895 943 2946 mande
960 2898 993 2946 ἀ
1011 2895 1372 2963 l’inquisiteur
1390 2897 1450 2947 de
1468 2898 1847 2957 Carcassonne,
1870 2896 1926 2946 H
1929 2894 2043 2946 enri
2062 2895 2122 2946 de
2141 2896 2378 2961 Chamay
2394 2893 2432 2958 ¹,

428 2978 848 3044 d’entreprendre
891 2980 935 3030 le
977 2985 1156 3046 proces
1200 2981 1260 3031 de
1305 2982 1636 3047 Barthe'lemy
1680 2982 1911 3046 Brugere
1934 2979 1972 3042 2,
2017 2979 2149 3045 frere
2210 2979 2431 3032 mineur.

430 3062 511 3111 La
552 3063 837 3130 supplique
880 3064 940 3114 de
983 3065 1343 3132 l’inquisiteur
1387 3065 1613 3116 contient
1657 3066 1700 3116 le
1743 3065 1902 3116 de'tail
1945 3065 2031 3114 des
2076 3064 2290 3129 charges
2347 3062 2435 3130 qui

430 3150 610 3211 pesent
636 3165 728 3197 sur
755 3167 807 3197 ce
834 3148 1108 3214 religieux.
1142 3150 1192 3200 Il
1219 3168 1267 3209 a,
1299 3150 1433 3200 dans
1461 3168 1540 3199 ses
1567 3149 1790 3216 paroles,
1824 3148 2098 3214 manifeste
2130 3148 2216 3197 des
2260 3147 2434 3198 doute-s*

431 3248 523 3278 sur
560 3230 612 3280 la
648 3231 922 3296 legitimite'
958 3233 1018 3282 de
1057 3233 1198 3283 Jean
1234 3234 1435 3284 XXII.
1473 3234 1627 3284 Deua:
1663 3231 2022 3284 dominicains
2061 3232 2104 3282 le
2155 3231 2436 3282 denoncenl

431 3316 463 3363 ὰ
493 3314 852 3381 l’inquisiteur
881 3317 972 3383 qui
1001 3318 1215 3383 procede
1244 3321 1276 3368 ἀ
1309 3337 1409 3368 une
1438 3322 1649 3384 enquete
1677 3328 1722 3367 et
1751 3317 1953 3367 conclut
1982 3319 2014 3366 ἀ
2043 3334 2104 3365 sa
2134 3315 2436 3381 culpabilia}

432 3398 637 3449 entiere.
681 3401 768 3450 Un
798 3401 981 3467 conflit
1011 3402 1189 3452 s’eleve
1220 3414 1358 3453 entre
1390 3403 1460 3453 les
1494 3402 1838 3469 inquisiteurs
1870 3412 1914 3451 et
1945 3402 2015 3451 les
2047 3400 2348 3466 supe'rieurs
2379 3399 2436 3449 de
2498 3459 2500 3461 Ι

434 3483 763 3550 Barthelemy
799 3504 871 3535 au
907 3485 1043 3551 sujet
1079 3487 1139 3536 de
1177 3487 1229 3537 la
1264 3486 1518 3553 punition
1555 3488 1626 3537 du
1663 3487 1931 3552 coupable.
1973 3483 2357 3550 L’inquisiteur
2393 3484 2436 3533 le

433 3566 528 3616 cite
563 3586 628 3617 en
664 3569 790 3619 vain
825 3573 858 3620 ὰ
892 3571 1161 3636 plusieurs
1197 3571 1467 3637 reprises5
1505 3571 1759 3636 l'inculpe'
1794 3570 1964 3636 refuse
2000 3569 2059 3618 de
2095 3572 2436 3634 comparaitre

433 3661 478 3699 et
501 3651 545 3700 le
570 3652 787 3715 gardien
811 3654 897 3703 des
919 3655 1275 3720 franciscains
1299 3655 1358 3705 de
1383 3656 1744 3706 Carcassonne
1766 3655 1826 3704 de
1849 3655 1893 3704 le
1916 3654 2085 3703 livrer.
2128 3652 2210 3702 On
2246 3662 2439 3702 recourt

435 3736 468 3783 ὰ
501 3734 552 3783 la
582 3735 717 3800 soree
749 3748 794 3788 et
825 3756 891 3788 on
925 3739 1141 3791 l’arrete.
1178 3739 1564 3807 L’inquisiteur
1596 3739 1892 3804 l’interroge
1924 3748 1969 3788 et
2001 3736 2079 3788 lui
2111 3737 2324 3787 arrache
2353 3736 2437 3787 des
