2540 4354
439 347 538 399 128
824 369 1113 404 BuLLAmE
1156 371 1231 403 DE
1274 353 1690 417 L’momsrnoN
1737 364 2056 411 FRANQMSE

437 501 532 548 ses,
568 484 706 535 telles
737 503 832 551 que
862 464 1200 537 l’invocation
1228 486 1316 536 des
1361 486 1590 536 demens,
1624 513 1693 519 ——
1736 480 2106 548 Avignon,·29
2138 479 2246 530 mai
2278 479 2432 531 1327.

777 633 882 686 Reg.
916 633 1017 686 Aa,
1051 641 1083 676 t.
1119 647 1272 685 xxvn,
1303 631 1378 675 fol.
1414 633 1515 686 266,
1548 646 1592 674 n.
1626 632 1756 674 1764.

510 768 644 820 Ven.
676 767 884 820 fratri..
918 767 937 798 ¹
967 767 1220 833 episcopo
1252 767 1536 829 Biterren.‚
1558 767 1896 816 salutem.—-—
1919 764 2105 830 Nuper
2137 763 2205 813 ad
2226 773 2441 828 aposto-

437 854 582 904 latus
624 851 796 902 nostri
838 852 1205 917 quorumdam
1245 850 1507 901 relatione
1550 849 1801 916 pervenit
1842 849 2096 900 auditum
2138 848 2284 914 quod
2327 848 2439 914 qui-

437 938 565 987 dam
596 935 892 986 servientes
923 935 1006 985 tui
1039 936 1436 1001 Raymundum
1459 934 1752 996 Michaelis,
1775 934 2106 984 monachum
2126 932 2438 982 monasterii

437 1020 603 1071 Vallis
643 1020 802 1085 Nigre
839 1019 860 1050 2
898 1020 1034 1086 (sic),
1074 1019 1380 1070 Cistercien.
1423 1019 1643 1081 ordinis,
1683 1018 1952 1084 Agathen.
1976 1016 2219 1078 diocesis,
2242 1035 2336 1082 pro
2373 1035 2432 1066 eo

439 1106 585 1171 quod
621 1105 906 1155 dicebatur
939 1104 1121 1170 ipsum
1159 1105 1396 1169 quedam
1431 1103 1806 1170 experimenta
1873 1104 2170 1152 demonum
2219 1100 2435 1151 invoca-

403 1222 422 1228 „.
439 1190 678 1240 cationes
716 1188 1053 1239 continentia
1091 1207 1254 1254 penes
1290 1207 1344 1238 se
1380 1189 1596 1250 habere,
1633 1198 1687 1238 et
1722 1189 1870 1254 apud
1906 1206 2031 1237 eum
2065 1186 2292 1236 inventa
2327 1185 2437 1235 fore
2515 1179 2518 1181 Α

436 1284 715 1340 ceperunt,
745 1283 1087 1324 arrestarunt
1114 1283 1169 1322 et
1197 1273 1500 1324 carceribus
1529 1273 1638 1322 tuis
1667 1272 1836 1323 etiam
1865 1271 2251 1336 manciparunt
2280 1279 2440 1335 prout

434 1359 615 1409 adhuc
647 1358 793 1408 idem
828 1358 1128 1409 monachus
1177 1357 1381 1408 ibidem
1444 1358 1618 1408 teneri
1666 1357 1866 1407 dicitur
1915 1355 2279 1421 mancipatus.
2333 1354 2437 1404 Nos

430 1441 600 1508 igitur
627 1443 872 1493 volentes
902 1443 966 1492 de
997 1442 1253 1508 predictis
1284 1461 1408 1492 cum
1437 1443 1629 1492 eodem
1659 1442 1926 1492 monacho
1956 1438 2088 1491 scire
2131 1439 2438 1502 veritatem,

437 1526 776 1578 fraternitati
827 1537 921 1576 tue
974 1545 1070 1593 per
1136 1527 1439 1593 apostolica
1507 1526 1710 1593 scripta
1786 1526 2112 1576 mandamus
2183 1523 2440 1589 quatinus

437 1612 670 1661 eundem
710 1612 1041 1662 monachum
1079 1612 1180 1661 sub
1221 1612 1327 1661 fida
1370 1611 1619 1662 custodia
1657 1629 1869 1660 necnon
1905 1608 2351 1660 informationem
2387 1618 2440 1657 et

443 1715 722 1762 processus
740 1694 784 1745 si
805 1715 939 1762 quos
960 1714 1121 1762 super
1141 1696 1397 1761 predictis
1419 1696 1662 1746 habuisti
1682 1695 1912 1745 forsitan
1934 1705 2123 1744 contra
2140 1709 2265 1741 eum
2288 1692 2439 1742 nobis

442 1780 658 1830 mittere
697 1799 805 1830 non
845 1791 1162 1846 postponas.
1203 1809 1272 1815 -—
1311 1781 1518 1831 Datum
1572 1777 1956 1842 Avinioni‚1111
1992 1778 2251 1828 kalendas
2290 1775 2439 1838 iunii,

433 1883 575 1915 anno
609 1865 914 1916 undecimo.

487 2091 526 2132 1.
562 2091 816 2133 Guillaume
857 2092 1031 2144 Frcdol,
1072 2093 1187 2134 abbe
1227 2094 1281 2134 de
1322 2092 1638 2146 Saint-Tibery
1677 2107 1737 2134 au
1776 2091 1950 2133 diocese
1975 2079 2183 2142 *d’Agde3
2225 2102 2385 2143 promu
2417 2088 2442 2129 ἐι

431 2160 621 2214 Beziers‚
645 2163 685 2203 16
709 2163 733 2203 5
759 2177 877 2205 mars
903 2163 1034 2211 13133
1061 2171 1247 2204 mourut
1271 2178 1325 2204 en
1349 2164 1476 2204 1349.
1509 2163 1619 2204 Gall.
1645 2162 1806 2215 christ„
1831 2169 1865 2203 t.
1892 2175 1956 2214 vr,
1980 2162 2062 2203 col.
2089 2160 2298 2208 347-348;
2323 2159 2441 2200 Hist.

428 2231 480 2272 de
500 2231 774 2284 Languedoc,
797 2240 830 2274 t.
856 2248 922 2285 IX,
945 2224 1223 2286 p.'456-457;
1251 2235 1410 2286 Eubel,
1432 2234 1574 2286 Hier„
1597 2241 1630 2275 t.
1655 2247 1687 2285 1,
1710 2247 1754 2287 p.
1779 2232 1877 2273 141.
1903 2230 2104 2273 Certains
2129 2232 2262 2272 clercs
2285 2230 2339 2270 de
2360 2243 2440 2272 son

428 2301 602 2345 diocese
619 2303 914 2345 l’accuserent
933 2303 1108 2344 d’avoir
1127 2306 1251 2346 terite
1271 2305 1326 2345 de
1345 2304 1455 2345 faire
1474 2303 1643 2345 mourir
1661 2303 1690 2343 J
1694 2317 1778 2344 ean
1811 2302 1955 2343 XXII
1989 2303 2014 2342 a
2047 2301 2181 2342 l’aide
2213 2301 2268 2341 de
2301 2298 2435 2354 prati-

433 2385 541 2425 ques
571 2373 626 2414 de
654 2373 914 2415 sorcellerie.
945 2374 1107 2415 Bcnoit
1136 2374 1231 2415 XII
1262 2375 1463 2416 ordonna
1493 2388 1582 2416 une
1611 2375 1804 2428 enquete
1837 2372 1896 2427 (n.
1927 2372 2028 2425 164,
2058 2371 2155 2424 168)
2207 2370 2299 2425 qui,
2330 2384 2432 2413 sans

426 2442 581 2494 doute,
598 2444 780 2485 conclut
804 2445 833 2485 a
856 2458 940 2488 son
964 2443 1220 2487 innocence.

486 2514 525 2554 2.
558 2513 750 2567 Abbaye
777 2515 833 2554 de
860 2514 1123 2567 Valmagne,
1150 2516 1443 2568 aujourd’hui
1471 2518 1583 2559 dans
1610 2517 1653 2558 la
1682 2529 1920 2558 commune
1947 2515 2003 2556 de
2021 2514 2300 2566 Villeveyrac
2332 2513 2433 2567 (He-

426 2583 581 2636 rault),
606 2591 726 2626 cant.
751 2585 807 2624 de
829 2585 967 2636 Meze,
990 2587 1168 2626 arrond.
1194 2587 1250 2627 de
1273 2587 1570 2641 Montpellier.

1276 2989 1586 3048 -78-

504 3146 576 3197 Le
609 3165 748 3214 pape
781 3149 1009 3200 ordonne
1041 3154 1074 3201 ὰ
1109 3151 1250 3202 Jean
1278 3143 1506 3218 Duprat,
1544 3151 1861 3218 inquisiteur
1879 3151 1937 3200 de
1969 3152 2342 3209 Carcassonne,
2379 3147 2436 3197 de

432 3251 719 3296 prononcer
749 3233 799 3282 la
830 3245 1063 3285 sentence
1093 3235 1251 3286 d'une
1279 3236 1466 3302 femme
1497 3236 1802 3302 he're'tiqued
1822 3236 2181 3286 Carcassonne
2196 3245 2239 3283 et
2271 3251 2374 3283 non
2402 3233 2432 3279 ὰ

433 3316 786 3381 Montpellier.
827 3346 895 3353 —
931 3319 1202 3385 Avignon,
1244 3321 1558 3371 1326-1327.

778 3454 882 3506 Reg.
917 3454 1030 3507 Vae„
1058 3462 1090 3496 t.
1122 3469 1248 3507 cxlv,
1275 3469 1318 3496 n.
1347 3455 1472 3497 1795.

502 3573 743 3624 Johanni
782 3576 846 3624 de
888 3577 1051 3625 Prato
1090 3574 1126 3637 ¹,
1167 3575 1368 3624 ordinis
1407 3575 1641 3625 fratrum
1681 3575 2105 3641 predicatorum,
2126 3571 2434 3641 inquisitori

430 3658 663 3707 heretice
694 3659 986 3724 pravitatis
1016 3659 1072 3710 in
1102 3657 1350 3725 partibus
1385 3659 1772 3711 Carcassonen.
1807 3690 1876 3697 —
1924 3659 2109 3723 Nuper
2160 3656 2430 3722 fidedigna

429 3741 693 3791 relatione
754 3743 1092 3809 percepimus
1143 3744 1290 3809 quod
1338 3762 1499 3810 super
1546 3742 1897 3810 inquisitione
1937 3754 2124 3795 contra
2157 3743 2431 3808 quandam
