2540 4354
398 364 496 418 196
782 383 1069 418 BULLAJRE
1112 385 1186 417 DE
1230 366 1646 430 L’INQUISITI‘ON
1703 385 2024 430 FRANcAtsE

400 502 634 552 Domino
661 501 972 552 curabimus
1000 501 1266 553 ordinare.
1286 504 1581 555 —Datum
1600 502 1776 554 XIIII
1806 502 2065 553 kalendas
2094 500 2239 564 maii,
2267 518 2409 551 anno

395 585 859 652 decimoseptimo,
1188 595 1190 597 ’

1239 1014 1576 1072 -131—

474 1179 541 1227 Le
575 1196 713 1243 pape
748 1177 976 1227 ordonne
1011 1181 1042 1226 ἀ
1078 1176 1247 1226 Αἰαίη
1291 1177 1519 1238 Gontier‚
1558 1180 1738 1242 e'veque
1774 1176 1832 1226 de
1870 1176 2139 1244 Quimper,
2182 1177 2242 1227 cle
2276 1177 2412 1242 faire

395 1262 583 1326 justice
629 1262 688 1311 de
734 1261 1077 1311 l’accusation
1124 1260 1373 1311 d’he'resie
1418 1263 1589 1326 portee
1634 1279 1733 1325 par
1786 1261 1919 1310 Yves
1966 1261 2025 1310 de
2071 1261 2410 1311 Boisboissel.

399 1346 588 1396 ancien
620 1338 800 1411 evaque
832 1347 875 1395 le
909 1345 1180 1413 Quimper‚
1215 1346 1402 1395 devant
1433 1345 1476 1394 le
1505 1345 1796 1410 parlement
1826 1345 1885 1395 de
1918 1346 2193 1410 Bretagne,
2242 1357 2411 1395 contre

406 1429 540 1480 Yves
582 1430 642 1479 de
691 1430 935 1492 Gormon,
976 1430 1106 1479 abbe‘
1142 1430 1202 1479 de
1231 1429 1622 1491 Landevennec,
1667 1440 1712 1479 et
1738 1448 1838 1494 par
1894 1429 2028 1479 suite
2079 1429 2139 1479 de
2189 1430 2406 1495 laquelle

404 1514 543 1564 Jean
582 1514 697 1576 III,
737 1515 836 1564 duc
872 1514 931 1564 de
961 1515 1236 1579 Bretagne,
1282 1532 1315 1563 a
1343 1513 1607 1580 confisque'
1635 1514 1706 1563 les
1748 1513 1892 1564 biens
1934 1514 1994 1563 de
2035 1514 2290 1579 l’abbaye.
2329 1546 2396 1552 —

405 1598 674 1664 Avignon,
709 1598 772 1649 13
802 1602 935 1650 aofit
968 1599 1118 1649 1333.
1762 1598 1764 1600 ¹

748 1732 871 1785 Reg„
911 1740 944 1773 t.
985 1746 1118 1784 xmn,
1156 1731 1233 1772 fol.
1274 1731 1356 1772 584
1396 1735 1467 1780 v0;
1497 1730 1607 1773 Gall.
1665 1732 1826 1785 christ„
1866 1740 1899 1773 t.
1923 1746 2038 1785 xum,
2077 1732 2161 1773 col.
2218 1731 2408 1773 897-898

699 1803 868 1858 (anaL).

475 1924 783 1975 Venerabili
818 1924 975 1974 fratri
994 1924 1166 1975 Alano
1185 1922 1222 1986 ¹,
1242 1923 1495 1990 episcopo
1521 1922 1894 1988 Corisopiten.,
1916 1922 2166 1975 salutem.
2192 1953 2261 1962 —
2280 1922 2412 1973 Cum

398 2009 567 2060 simus
590 2008 910 2058 omnibus...
938 2007 1022 2057 Ex
1043 2019 1229 2059 tenore
1252 2009 1522 2075 siquidem
1543 2008 1823 2074 petitionis
1844 2008 2028 2058 dilecti
2048 2007 2144 2057 filii
2163 2006 2411 2067 Yvonis2‚

399 2094 618 2144 abbatis
663 2093 979 2143 monasterii
1021 2093 1198 2143 sancti
1240 2093 1510 2159 Wingolai
1553 2094 1618 2143 de
1677 2093 2074 2158 Landegennoc
2115 2093 2152 2154 ³,
2212 2091 2412 2142 ordinis

401 2178 579 2229 sancti
623 2175 924 2239 Benedicti,
973 2188 1066 2227 tue
1114 2177 1358 2241 diocesis,
1406 2178 1562 2228 nobis
1610 2188 1856 2243 porrecte
1905 2177 2216 2242 collegimus
2265 2175 2410 2242 quod

402 2263 531 2314 olim
570 2281 691 2313 ven.
733 2263 899 2313 fratre
940 2273 1127 2313 nostro
1169 2263 1361 2313 Yvone
1403 2260 1443 2326 4,
1486 2262 1827 2324 Maclovien.,
1868 2272 2002 2312 tunc
2055 2260 2411 2326 Corisopiten.

402 2348 675 2413 episcopo,
724 2346 973 2413 proximo
1021 2346 1398 2413 predecessore
1443 2358 1559 2409 tuo,
1609 2348 1741 2397 dum
1787 2345 2006 2396 ecclesie
2054 2344 2407 2411 Corisopiten.

401 2432 650 2497 regimini
694 2431 1008 2497 presidebat
1051 2431 1106 2481 in
1148 2448 1435 2498 personam
1483 2431 1616 2481 dicti
1660 2430 1878 2482 abbatis
1925 2448 2088 2496 quem
2113 2427 2404 2494 prefecera-

404 2535 522 2566 mus
557 2516 659 2581 ipsi
694 2515 1024 2566 monasterio
1059 2515 1114 2565 in
1148 2517 1428 2578 abbatem,
1465 2516 1785 2581 dictumque
1822 2513 2216 2565 monasterium
2244 2529 2431 2562 suum·

403 2601 537 2650 dura
576 2600 788 2650 diutina
826 2610 881 2649 et
915 2600 1162 2652 indebita
1198 2600 1575 2666 indignatione
1613 2610 1896 2665 concepta,
1934 2617 2002 2648 ex
2035 2597 2409 2663 indignatione

404 2683 717 2734 huiusmodi
752 2703 934 2734 coram
970 2684 1168 2735 dilecto
1207 2684 1462 2754 filio-nob.
1489 2685 1605 2735 viro
1626 2685 1895 2744 Johanne,
1918 2684 2052 2733 duce
2070 2679 2350 2733 Britannie
2370 2679 2408 2742 ⁵,

401 2769 456 2818 in
493 2769 840 2819 Parlamento
876 2770 1094 2835 publico
1131 2769 1468 2835 prelatorum
1503 2780 1557 2818 et
1591 2770 1861 2819 baronum
1895 2768 2128 2818 ducatus
2163 2764 2402 2816 eiusdem

404 2852 703 2914 Britannie,
733 2852 788 2903 in
817 2872 923 2918 quo
954 2853 1176 2919 quidem
1205 2854 1413 2904 ducatu
1441 2853 1663 2903 ecclesia
1692 2863 1746 2902 et
1775 2850 2170 2902 monasterium
2198 2849 2406 2917 prefata

405 2937 635 2986 existere
678 2935 1058 3001 dinoscuntur,
1105 2938 1283 2988 minus
1327 2935 1595 2989 veraciter
1639 2947 1978 3003 proponente
2007 2936 2152 3001 quod
2179 2933 2410 2985 eundem

405 3022 666 3071 abbatem
716 3022 781 3071 de
831 3022 1004 3072 heresi
1053 3033 1371 3088 suspectum
1422 3022 1681 3084 habebat,
1733 3038 1795 3072 ac
1845 3030 2068 3087 petente
2118 3038 2147 3070 a
2199 3018 2409 3085 prefato

406 3103 540 3154 duce
575 3105 785 3155 dictum
819 3107 1081 3157 abbatem
1115 3107 1218 3159 sibi
1248 3107 1395 3158 tradi
1428 3125 1522 3172 per
1553 3123 1678 3154 eum
1712 3106 1777 3156 de
1825 3103 2140 3154 huiusmodi
2187 3102 2405 3153 crimine

405 3187 763 3254 puniendum,
817 3188 1062 3255 predicto
1115 3192 1318 3242 abbate
1370 3209 1436 3241 ne
1487 3191 1799 3240 traderetur
1849 3186 1996 3239 dicto
2049 3187 2409 3254 predecessorv

403 3284 500 3323 tuo
538 3274 606 3323 ad
644 3271 725 3323 sui
762 3272 1135 3324 defensionem
1169 3273 1226 3324 in
1263 3275 1601 3326 contrarium
1637 3283 1930 3335 asserente,
1968 3273 2196 3322 tandem
2232 3271 2404 3338 prefa-

404 3367 493 3407 tus
528 3358 642 3407 dux
673 3357 1001 3408 iamdictum
1034 3361 1296 3410 abbatem
1329 3370 1639 3425 presentem
1687 3369 1742 3408 et
1789 3356 2224 3407 consentientem
2269 3373 2405 3404 rece-

403 3452 631 3515 pturum
682 3461 843 3508 super
892 3441 1206 3493 huiusmodi
1256 3443 1549 3510 propositis
1578 3441 1793 3493 iusticie
1826 3441 2291 3506 complementum
2341 3438 2407 3489 ad

405 3535 654 3574 nostrum
689 3537 743 3575 et
777 3527 1075 3592 apostolice
1110 3527 1261 3578 Sedis
1296 3528 1560 3577 iudicium
1594 3526 1820 3587 remisit,
1842 3543 1966 3574 cum
2000 3543 2224 3574 suarum
2264 3522 2407 3572 testi-

408 3609 587 3658 monio
624 3609 1229 3661 litterarumzasserens
1269 3631 1365 3677 pro
1404 3631 1501 3661 suo
1537 3612 1693 3661 libito
1734 3610 1878 3675 quod
1917 3607 2239 3673 temporalia
2279 3604 2407 3656 dicti

408 3693 721 3742 monasterii
750 3694 817 3743 ad
850 3713 1074 3745 manum
1104 3713 1259 3746 suam
1302 3706 1528 3761 poneret
1571 3706 1625 3744 et
1667 3704 1895 3755 teneret,
1941 3693 2113 3741 donec
2166 3689 2404 3754 aliquam

408 3774 570 3823 fidem
607 3775 671 3823 de
708 3774 1020 3828 innocentia
1059 3776 1302 3828 eiusdem
1368 3776 1587 3829 abbatis
1619 3778 1938 3839 haberetur3
1975 3784 2028 3824 et
2065 3775 2212 3841 quod
2256 3791 2399 3825 asse·
