2540 4354
383 367 484 419 126
768 383 1056 418 BULLAmE
1098 384 1173 416 DE
1215 365 1628 427 L’momsrrioN
1675 382 1996 425 FnANcmsE

460 501 745 551 Guillelmo
779 500 955 561 Astre,
990 499 1192 549 ordinis
1225 500 1459 550 fratrum
1492 500 1784 561 minorum,
1817 499 2130 565 inquisitori
2163 500 2396 551 heretice

387 585 680 651 pravitatis
709 585 764 634 in
795 584 1044 649 partibus
1078 583 1378 646 Provincie,
1410 583 1744 634 auctoritate
1775 584 2074 649 apostolica
2107 585 2398 649 deputatO.

386 699 455 704 —
487 669 683 719 Dilecti
717 668 810 718 filii
843 667 1109 717 Johannis
1142 668 1207 716 de
1241 668 1423 729 Prato,
1457 667 1658 717 ordinis
1691 668 1925 718 fratrum
1971 668 2398 733 predicatorum,

386 752 722 819 inquisitoris
766 751 1001 801 heretice
1043 751 1336 817 pravitatis
1379 752 1434 801 in
1478 752 1727 817 partibus
1771 753 2098 803 Carcassone
2159 754 2397 803 auctori-

387 849 503 888 tate
550 836 852 903 apostolica
903 835 1174 901 deputati,
1241 836 1734 901 supplicationibus
1783 837 2048 899 inclinati,
2087 837 2400 888 discretioni
2471 842 2475 845 ’

387 932 480 971 tue
529 939 622 986 per
668 919 968 986 apostolica
1017 919 1218 985 scripta
1268 921 1596 970 mandamus
1645 921 1905 987 quatinus
1952 932 2398 986 transsumptum

389 1004 739 1055 confessionis
784 1022 966 1054 coram
1009 1014 1065 1053 te
1107 1004 1249 1054 facte
1297 1022 1390 1070 per
1435 1005 1714 1070 quondam
1758 1006 2099 1055 Bernardum
2161 1005 2400 1068 Martini,

389 1090 753 1156 presbiterum
789 1089 1122 1151 Narbonen.,
1159 1089 1286 1138 olim
1321 1089 1462 1139 sicut
1496 1090 1805 1156 accepimus
1838 1090 1894 1140 in
1923 1090 2126 1140 eisdem
2152 1090 2401 1156 partibus

385 1192 550 1240 super
570 1173 790 1224 crimine
840 1173 1038 1223 heresis
1081 1173 1397 1223 convictum
1418 1184 1472 1223 et
1491 1175 1560 1224 ad
1595 1193 1777 1224 cruces
1815 1175 2134 1224 deferendas
2184 1174 2395 1240 publice

390 1259 876 1324 condempnatum,
903 1275 962 1308 ac
992 1268 1181 1323 postea
1200 1259 1476 1324 relapsum
1495 1269 1550 1308 et
1575 1259 1743 1309 etiam
1768 1259 2086 1324 fugitivum,
2116 1259 2209 1325 qui
2234 1277 2327 1324 per
2345 1269 2398 1308 te

385 1360 562 1409 nuper
606 1343 753 1408 apud
802 1342 995 1392 Sedem
1041 1342 1402 1408 apostolicam
1448 1344 1513 1392 de
1560 1344 1824 1393 mandato
1871 1354 2058 1393 nostro
2105 1361 2266 1408 super
2300 1343 2399 1393 hiis

388 1428 717 1492 procedente
744 1426 964 1477 relictus
994 1426 1200 1489 extitit,
1228 1427 1480 1492 exigente
1509 1427 1740 1490 iustitia,
1772 1427 1916 1477 curie
1945 1427 2193 1489 seculari,
2224 1427 2397 1477 eidem

387 1511 701 1584 inquisitori
736 1512 823 1561 vel
858 1511 970 1561 eius
1008 1522 1153 1561 certo
1190 1511 1388 1561 nuncio
1426 1513 1527 1561 sub
1563 1529 1730 1561 manu
1769 1512 2005 1578 publica,
2044 1522 2106 1561 ut
2142 1512 2401 1578 perillam

391 1596 675 1646 informari
740 1597 804 1646 de
854 1596 1165 1646 fautoribus
1215 1607 1269 1645 et
1319 1596 1674 1662 complicibus
1729 1597 1862 1647 dicti
1915 1596 2139 1646 heretici
2188 1595 2403 1660 plenius

391 1681 591 1743 valeat,
627 1691 871 1731 cessante
905 1680 1244 1731 difficultatis
1274 1680 1564 1731 obstaculo
1597 1681 1820 1731 studeas
1853 1681 2142 1746 assignare.
2178 1709 2246 1715 -—
2296 1681 2399 1731 Da-

388 1775 508 1814 tum
538 1776 600 1815 ut
643 1783 806 1831 supra
834 1767 942 1829 [X11
975 1766 1235 1816 kalendas
1265 1765 1467 1831 aprilis,
1499 1784 1641 1815 anno
1674 1765 2001 1830 undecimo}

441 1958 482 1999 1.
518 1958 572 1999 N.
605 1958 676 2011 49,
707 1965 814 2000 note
843 1958 884 2000 3.

444 2029 484 2070 2.
521 2029 574 2070 N.
610 2029 680 2082 74,
715 2036 821 2070 note
854 2030 894 2071 2.

445 2099 485 2139 3.
522 2099 644 2140 Dans
667 2099 706 2140 le
730 2107 761 2141 t.
787 2114 936 2149 XXXV,
959 2100 1015 2140 de
1038 2099 1174 2152 Doat,
1197 2099 1272 2140 fol.
1299 2098 1445 2151 21-47,
1469 2113 1527 2139 on
1549 2105 1712 2140 trouve
1736 2113 1822 2139 une
1846 2097 1972 2153 copie
1995 2100 2049 2140 de
2072 2113 2120 2140 ce
2143 2101 2311 2152 proces.
2337 2097 2405 2140 On

388 2182 418 2222 y
448 2168 546 2210 voit
573 2183 661 2222 que
689 2169 852 2222 Maury
880 2169 993 2211 etait
1021 2184 1083 2210 un
1100 2169 1316 2211 fraticelle
1345 2169 1528 2222 disciple
1547 2170 1601 2210 de
1620 2169 1768 2210 Pierre
1784 2170 2028 2210 Trencavel
2050 2169 2203 2223 (n.74)‚
2221 2177 2268 2211 et
2297 2169 2406 2223 qu’il

388 2253 435 2280 se
454 2239 688 2281 reclamait
706 2241 761 2281 de
791 2240 937 2281 Pierre
965 2240 1018 2280 de
1040 2241 1156 2282 Jean
1185 2239 1362 2281 d’Olive
1383 2254 1556 2280 comme
1576 2240 1630 2281 de
1659 2254 1739 2280 son
1760 2241 1947 2280 docteur
1967 2240 2150 2293 prefere.
2173 2239 2234 2281 Le
2253 2242 2408 2293 proces

390 2322 561 2364 occupa
592 2309 895 2364 l'inquisiteur
925 2312 1095 2352 durant
1126 2312 1245 2352 deux
1278 2310 1411 2360 mois;
1446 2318 1491 2351 et
1521 2311 1727 2362 l'accuse,
1761 2309 1951 2360 obstine,
1985 2310 2058 2351 fut
2088 2310 2197 2351 livre
2215 2325 2275 2352 au
2304 2310 2408 2351 bras

387 2380 585 2422 seculier.

1237 2741 1546 2799 -76...

471 2895 543 2945 Le
583 2913 722 2962 pape
765 2896 944 2962 notifie
985 2899 1018 2946 ὰ
1061 2897 1201 2947 Jean
1239 2897 1466 2962 Duprat,
1503 2895 1823 2962 inquisiteur
1852 2893 1914 2945 de
1946 2895 2319 2956 Carcassonne‚
2342 2895 2410 2945 les

401 2998 626 3030 mesures
648 2980 818 3046 prise-s·
841 2980 976 3031 dans
1000 2981 1070 3031 les
1094 2981 1229 3032 deux
1257 2982 1417 3032 balles
1441 2980 1531 3047 qui
1554 2980 1839 3046 precedent.
1868 2979 1919 3029 Il
1942 2979 2023 3029 lai
2047 2979 2406 3029 recommande

397 3064 572 3115 d’user
615 3064 675 3114 de
717 3065 978 3130 prudence
1020 3065 1136 3131 afin
1178 3065 1432 3137 d’arriver
1474 3068 1507 3115 ἀ
1553 3084 1626 3115 un
1668 3064 2134 3114 accommodem-ent
2180 3082 2297 3114 avec
2330 3064 2399 3113 les

401 3150 673 3214 bourgeois
699 3149 759 3200 de
785 3150 1148 3201 Carcassonne
1168 3167 1190 3214 ,·
1217 3150 1438 3216 l'e'veque
1463 3149 1523 3199 de
1549 3160 1668 3200 cette
1695 3149 1815 3199 ville
1840 3148 2038 3198 devrait
2064 3151 2180 3210 ἒινε,
2210 3166 2274 3197 en
2298 3158 2404 3198 tout

397 3251 501 3296 cas,
535 3234 781 3285 consulte.
817 3262 885 3269 —
916 3233 1188 3300 Avignon,
1223 3234 1285 3284 21
1322 3252 1465 3285 mars
1500 3233 1651 3284 1327.

739 3368 844 3422 Reg.
874 3368 989 3421 Vat.,
1014 3376 1047 3410 t.
1070 3381 1201 3421 cx1v,
1224 3382 1268 3410 n.
1295 3368 1393 3421 649,
1418 3367 1493 3409 fol.
1520 3381 1617 3409 xxv.

476 3486 687 3538 Dilecto
726 3489 834 3538 filio
872 3489 1114 3539 Johanni
1151 3490 1310 3539 Petro
1347 3490 1410 3538 de
1450 3490 1613 3538 Prato
1635 3486 1672 3549 1,
1710 3484 1914 3536 ordinis
1951 3483 2186 3534 fratrum
2235 3485 2406 3550 predi-

403 3581 670 3634 catorum,
713 3572 1025 3638 inquisitori
1068 3573 1301 3623 heretice
1345 3571 1637 3638 pravitatis
1680 3571 1735 3620 in
1756 3569 2005 3636 partibus
2027 3568 2403 3620 Carcassonen.

402 3655 736 3706 auctoritate
776 3657 1075 3722 apostolica
1126 3657 1412 3722 deputato.
1447 3685 1516 3691 —
1549 3655 1785 3706 Litteras
1826 3665 1950 3703 tuas
1992 3652 2221 3717 benigne
2261 3671 2402 3702 rece-

406 3736 584 3802 pimus
633 3750 688 3790 et
736 3758 839 3806 que
888 3741 1315 3792 continebantur
1361 3741 1416 3790 in
1464 3740 1537 3790 eis
1586 3758 1718 3790 sano
1767 3736 2079 3802 collegimus
2127 3735 2406 3786 intellectu
