2540 4354
472 350 574 401 514
860 360 1145 400 numanum
1187 370 1262 400 DE
1303 342 1718 410 L’momslnorz
1761 365 2078 408 FRANcAisE

468 483 815 536 considerata
847 475 1097 535 extrema
1130 483 1308 549 patrie
1349 493 1707 550 paupertate3
1745 482 1839 533 sed
1884 498 2100 533 necesse
2140 482 2242 532 erit
2273 483 2478 535 fratres

465 566 703 633 recipere
749 566 888 621 infra
937 565 1224 621 civitatem
1268 568 1323 618 in
1369 567 1611 633 quadam
1654 565 1880 616 ecclesia
1928 583 2032 631 que
2076 566 2278 618 dicitur
2296 569 2479 622 sancti
2531 602 2540 638 ,-

470 651 785 712 Marcellini,
830 669 932 716 que
975 653 1088 702 sola
1130 653 1200 702 ad
1242 653 1340 702 hec
1380 651 1498 702 visa
1539 660 1623 701 est
1665 650 1893 715 optima,
1937 651 2023 700 vel
2065 651 2344 716 oportebit
2382 670 2478 703 eos

464 735 715 786 totaliter
756 737 1007 786 recedere
1051 753 1161 787 non
1206 736 1321 787 sine
1367 752 1563 800 magno
1609 734 1849 799 periculo
1895 734 2206 784 animarum
2250 747 2479 802 propter
2528 736 2530 739 ’

461 836 664 870 errores
728 820 981 870 heresum
1044 819 1137 889 qui
1197 818 1630 886 dampnabiliter
1690 828 1962 883 tanquam
2023 837 2092 868 ex
2152 820 2477 885 perhempni

457 903 610 954 fonte
656 903 970 954 scaturiunt
1016 922 1084 953 ex
1131 904 1374 969 quadam
1422 912 1575 967 parte
1623 901 1852 952 diocesis
1913 902 2072 952 huius
2099 903 2133 952 ⁵.
2200 903 2299 952 Pro
2363 903 2472 954 hiis

455 987 622 1052 igitur
682 987 1020 1052 exponendis
1080 987 1332 1038 seriosius
1393 985 1738 1037 sanctissimo
1799 986 2020 1036 domino
2081 997 2270 1037 nostro
2331 1005 2472 1053 pape
2522 1017 2523 1022 =

454 1081 511 1122 et
553 1071 856 1122 obtinenda
900 1070 1121 1122 licentia
1166 1090 1282 1133 sua,
1327 1088 1388 1120 eo
1433 1069 1721 1135 presertim
1765 1069 1892 1135 quia
1937 1069 2086 1121 dicta
2129 1071 2354 1121 ecclesia
2397 1072 2468 1123 ad
2513 1118 2519 1141 ·.

456 1174 624 1222 quam
672 1155 1042 1206 transferendi
1090 1166 1220 1207 sunt
1269 1166 1352 1206 est
1399 1166 1678 1220 exempta,
1727 1154 1941 1208 accedit
1987 1154 2268 1220 religiosus
2300 1156 2469 1209 frater
2511 1188 2514 1190 -

457 1240 778 1294 Franciscus
839 1239 1055 1290 Borrilli
1075 1239 1111 1302 ⁶,
1176 1240 1310 1291 dicti
1371 1239 1575 1290 ordinis
1637 1239 1874 1288 fratrum
1936 1238 2228 1299 minorum,
2290 1240 2467 1293 socius

454 1344 624 1386 meus,
672 1324 765 1389 qui
805 1324 1084 1378 laboravit
1127 1324 1213 1374 hic
1256 1324 1659 1374 ferventissime
1704 1333 1892 1376 contra
1937 1324 2212 1389 predictas
2256 1326 2465 1376 hereses

450 1419 570 1461 toto
596 1420 845 1474 tempore
872 1427 991 1459 meo
1016 1419 1072 1458 et
1095 1418 1181 1458 est
1204 1408 1260 1459 in
1285 1408 1386 1458 hiis
1410 1419 1466 1458 et
1492 1407 1608 1457 aliis
1635 1408 1873 1456 multum
1898 1407 2071 1458 sciens
2095 1419 2151 1457 et
2175 1419 2464 1523 expertusv·
2453 1449 2465 1471 ,

446 1504 672 1560 propter
698 1494 845 1558 quod
869 1492 1040 1547 etiam
1065 1492 1305 1558 imposui
1329 1492 1433 1542 sibi
1458 1491 1563 1545 alia
1591 1502 1738 1542 certa
1765 1491 1985 1556 negotia
2015 1511 2099 1542 me
2125 1491 2456 1557 tangentia⁷
2503 1478 2506 1483 Ι

449 1597 552 1644 que
584 1576 886 1642 explicabit
921 1577 982 1626 V.
1022 1577 1157 1625 Rev.
1195 1575 1545 1637 Paternitati,
1581 1593 1703 1640 que,
1738 1592 1944 1640 precor,
1993 1575 2283 1640 dignanter
2328 1575 2460 1626 velit
2525 1575 2535 1602 ’ἴ

445 1681 573 1714 eum
619 1660 807 1710 audire
851 1660 1228 1725 premissaque
1273 1659 1493 1724 negotia
1539 1659 1739 1709 habere
1783 1659 2106 1724 propensius
2123 1678 2459 1710 recommen-

448 1751 581 1800 data
638 1755 695 1795 et
752 1763 836 1794 me
893 1745 1218 1795 servitorem
1274 1754 1524 1794 vestrum
1580 1743 1778 1794 vestris
1811 1761 2061 1817 semper
2130 1744 2459 1797 iussionibus

447 1831 664 1884 obedire
693 1840 970 1895 paratum.
1001 1828 1365 1895 Omnipotens
1396 1830 1459 1878 R.
1491 1830 1547 1878 P.
1578 1829 1638 1878 V.
1667 1828 1764 1878 diu
1786 1838 1842 1877 et
1869 1827 2097 1878 feliciter
2135 1846 2458 1879 conservare
2478 1640 2540 2059 ξ

2488 2067 2521 2166 {J

2479 2156 2522 2214 τῇ

445 1917 760 1981 dignetur.
724 1913 745 1943 8

499 2159 539 2199 1.
574 2159 695 2200 Marc
723 2160 778 2200 de
804 2159 1004 2211 Viterbe,
1032 2158 1190 2200 ancien
1218 2158 1394 2211 general
1422 2159 1498 2199 des
1526 2157 1831 2209 franciscains,
1860 2158 1956 2198 eree
1984 2158 2185 2199 cardinal
2211 2159 2250 2199 le
2278 2159 2331 2199 18
2346 2173 2452 2213 sep

437 2230 619 2270 tembre
651 2230 781 2270 1368.

499 2301 539 2341 2.
575 2301 804 2342 Peut-etre
831 2300 1084 2342 Guillaume
1125 2299 1472 2352 d'Aigrefeuille,
1500 2300 1596 2340 eree
1623 2299 1822 2340 cardinal
1848 2300 1887 2340 le
1913 2299 1967 2339 12
1998 2299 2088 2340 mai
2114 2300 2241 2340 1367.
2487 2323 2501 2351 2

500 2372 540 2412 3.
575 2371 829 2412 Guillaume
857 2371 1014 2423 Sudre,
1045 2371 1140 2411 eree
1170 2370 1370 2411 cardinal
1397 2370 1437 2410 le
1466 2370 1520 2410 18
1550 2370 1804 2423 septembre
1832 2370 1965 2418 1366;
1997 2371 2166 2423 aveque
2196 2369 2367 2411 d’Ostie
2395 2371 2434 2412 le
2479 2379 2498 2427 j·

434 2440 488 2481 10
518 2440 609 2482 mai
638 2442 768 2481 1367.
2480 2488 2482 2490 ¹

488 2512 528 2551 4.
565 2511 712 2552 Pierre
737 2511 883 2564 Roger
907 2511 960 2551 de
983 2509 1215 2562 Beaufort,
1240 2511 1335 2551 cree
1359 2510 1398 2551 le
1422 2510 1476 2550 29
1499 2509 1590 2550 mai
1613 2510 1739 2550 1348.
1768 2510 1804 2549 Il
1828 2510 1899 2550 fut
1922 2510 1961 2550 le
1984 2524 2100 2564 pape
2117 2510 2323 2563 Gregoire
2343 2510 2434 2553 XI.

493 2582 533 2622 5.
567 2582 631 2622 La
662 2581 904 2633 Vallouise,
936 2595 994 2621 ou
1025 2579 1237 2634 Valpute,
1270 2581 1451 2621 contree
1483 2581 1538 2620 de
1586 2580 1909 2620 l’Embrunois.

499 2653 538 2692 6.
573 2652 783 2703 Franeois
812 2652 985 2700 Borrel;
1017 2651 1114 2692 voir
1143 2666 1186 2691 n.
1219 2650 1316 2701 286,
1348 2658 1454 2692 note
1484 2651 1525 2691 1.

495 2722 535 2762 7.
569 2723 906 2775 L’archeveque
938 2721 1202 2762 demandait
1235 2728 1417 2762 surtout
1450 2720 1592 2761 d’etre
1627 2720 1831 2774 dispense
1867 2721 2141 2774 d’acquitter
2173 2723 2212 2763 le
2246 2729 2360 2764 reste
2376 2722 2458 2762 do·

437 2806 505 2834 ses
533 2807 766 2833 communs
794 2791 998 2833 services.
1028 2792 1111 2832 Les
1138 2791 1264 2831 biens
1292 2791 1346 2831 de
1373 2804 1422 2831 sa
1448 2803 1599 2833 mense
1627 2790 1877 2843 episcopale
1904 2799 2046 2844 ayant
2072 2793 2142 2832 ete
2169 2793 2372 2844 saccages
2387 2797 2440 2832 et
2478 2788 2482 2792 ⁴

430 2863 622 2903 detruits
649 2877 731 2916 par
755 2863 817 2903 les
843 2863 1046 2902 hommes
1073 2863 1127 2902 de
1153 2875 1308 2914 guerre
1334 2862 1502 2901 durant
1526 2861 1566 2900 le
1592 2859 1747 2901 conssit
1773 2868 1898 2901 entre
1925 2861 2219 2912 Provencaux
2245 2869 2290 2903 et
2305 2863 2439 2904 Dau-

426 2933 620 2987 phinois‚
652 2947 707 2973 en
737 2933 1007 2986 septembre,
1025 2932 1208 2972 octobre
1226 2938 1271 2971 et
1301 2931 1546 2971 novembre
1576 2925 1704 2983 1368,
1735 2931 1765 2971 il
1796 2946 1842 2971 se
1873 2931 2089 2972 declarait
2120 2931 2431 2985 impuissantfi

424 3017 577 3057 payer.
607 3003 667 3043 Le
694 3002 810 3056 pape
838 3017 894 3042 ne
918 3000 1111 3055 pouvait
1137 3000 1311 3041 vouloir
1344 3015 1361 3037 «
1382 2999 1492 3053 qu’il
1518 3001 1702 3040 mourut
1728 3002 1782 3041 de
1808 3001 1935 3052 faim,
1962 3016 2019 3042 ou
2046 3002 2184 3042 vecfit
2209 3003 2360 3055 separe
2379 3002 2432 3044 do

420 3073 463 3114 la
485 3072 773 3113 communion
794 3071 1051 3125 catholique
1078 3086 1111 3111 ».
1135 3071 1346 3112 Lettres
1333 3085 1359 3110 a
1380 3070 1527 3111 divers
1549 3070 1796 3112 cardinaux
1822 3070 1860 3124 (7
1885 3079 1930 3112 et
1951 3072 1975 3111 8
2009 3073 2242 3112 decembre
2269 3070 2400 3124 1368)

418 3136 583 3176 Armar
662 3134 787 3185 LIII,
818 3142 853 3175 t
889 3148 953 3185 1x‚
985 3147 1030 3186 p.
1056 3134 1159 3174 274-
1161 3133 1263 3174 277.

480 3199 518 3238 8.
553 3200 635 3239 Les
656 3200 810 3239 lettres
831 3213 921 3239 aux
941 3197 1189 3239 cardinaux
1208 3197 1469 3250 auxquelles
1483 3196 1514 3236 il
1529 3203 1597 3237 est
1613 3196 1698 3238 fait
1714 3196 1904 3238 allusion
1924 3198 2035 3238 dans
2055 3199 2098 3238 la
2118 3205 2224 3239 note
2239 3196 2315 3250 qui
2328 3195 2433 3250 pre-

422 3270 529 3310 cede
554 3276 600 3309 et
626 3269 702 3322 qui
729 3269 881 3309 furent
907 3269 1083 3322 portees
1110 3281 1136 3307 a
1161 3267 1372 3319 Avignon
1397 3281 1479 3320 par
1504 3268 1544 3308 le
1570 3269 1715 3308 meme
1743 3267 1952 3318 Francois
1967 3268 2119 3308 Borrel
2147 3270 2431 3322 permettent

421 3339 475 3379 de
501 3340 630 3380 dater
656 3339 824 3380 celle-ci
850 3347 895 3379 et
920 3339 963 3379 la
988 3337 1198 3379 suivante
1226 3338 1287 3378 du
1313 3338 1337 3378 7
1364 3352 1422 3378 ou
1448 3338 1509 3378 du
1538 3338 1562 3378 8
1590 3338 1824 3378 decembre
1851 3338 1978 3378 1368.
