2540 4354
491 369 592 425 370
878 386 1166 422 nnuman
1201 389 1275 422 nn
1309 370 1727 431 t’1NQu1s1T1oN
1762 387 2084 435 muzensi:

488 515 544 555 et
576 504 871 571 inquietat,
906 504 961 555 in
992 503 1161 571 ipsius
1196 504 1464 556 Johannis
1497 505 1739 571 episcopi
1770 515 1826 555 et
1872 506 2093 557 ecclesie
2139 522 2234 556 sue
2282 504 2503 555 Carcas-

490 607 674 640 sonen.
714 587 1075 654 preiudicium
1111 606 1222 639 non
1259 589 1539 639 modicum
1577 600 1632 639 et
1669 607 1987 655 gravamen.
2028 590 2207 653 Quare
2229 606 2324 654 pro
2344 597 2501 653 parte

485 673 619 723 dicti
678 671 920 738 episcopi
977 673 1134 724 nobis
1182 674 1289 724 fuit
1340 674 1620 724 humiliter
1672 674 2053 740 supplicatum
2104 684 2166 724 ut
2217 672 2505 740 providere

486 757 534 806 ei
579 774 742 823 super
787 757 888 807 hoc
949 756 1016 806 de
1076 767 1348 823 oportuno
1409 745 1648 808 remedio
1723 758 2090 823 dignaremur.
2154 757 2264 807 Nos
2313 755 2502 821 itaque

487 842 655 906 ipsius
705 841 948 907 episcopi
997 841 1495 907 supplicationibus
1547 841 1797 893 inclinati
1847 842 2189 896 fraternitati
2235 851 2330 890 tue
2407 856 2502 905 per

487 924 786 990 apostolica
842 925 1044 991 scripta
1101 925 1429 976 mandamus
1486 927 1747 991 quatinus
1788 926 1850 986 si,
1892 926 2103 977 vocatis
2159 925 2306 975 dicto
2355 922 2501 973 Guil-

484 1009 646 1058 lelmo
691 1019 745 1058 et
803 1009 920 1060 aliis
966 1009 1279 1072 evocandis,
1339 1010 1658 1077 simpliciter
1701 1029 1763 1062 ac
1809 1011 1875 1060 de
1920 1011 2083 1077 plano
2115 1028 2177 1061 ac
2207 1009 2322 1059 sine
2366 1017 2500 1058 stre-

484 1091 606 1159 pitu
640 1103 698 1142 et
736 1093 908 1158 figura
945 1093 1131 1145 iudicii
1164 1093 1435 1146 inveneris
1471 1095 1549 1146 ita
1585 1113 1699 1146 esse
1736 1095 2014 1162 prefatum
2034 1093 2404 1155 Guillelmum,
2438 1101 2501 1142 ut

485 1195 514 1228 a
555 1177 1088 1244 perturbationibus,
1137 1178 1613 1230 molestationibus
1674 1189 1729 1228 et
1775 1178 2271 1244 inquietationibus
2317 1175 2501 1226 huius-

485 1261 634 1311 modi
669 1261 890 1312 omnino
927 1262 1175 1324 desistat,
1214 1281 1308 1328 per
1343 1281 1629 1315 censuram
1663 1263 2091 1314 ecclesiasticam
2125 1259 2496 1328 appellatione

482 1356 694 1398 remota
738 1346 1050 1412 compellas,
1096 1346 1538 1398 Contradictores
1582 1350 1739 1413 [etc.].
1789 1347 1911 1398 Non
1954 1348 2215 1398 obstante
2257 1343 2494 1397 sieidem

486 1429 773 1481 Guillelmo
800 1431 887 1480 vel
915 1430 1201 1497 quibusvis
1242 1431 1362 1483 aliis
1405 1431 1772 1482 communiter
1825 1432 1913 1482 vel
1952 1431 2176 1482 divisim
2225 1432 2385 1495 [etc.].
2429 1455 2497 1464 —·

487 1513 695 1574 Datum
734 1514 1011 1578 Avinioni,
1050 1533 1155 1565 vm
1195 1515 1457 1568 kalendas
1495 1516 1828 1579 novembriS‚
1867 1533 2012 1569 anno
2049 1514 2307 1567 secund0.

570 1677 610 1719 1.
646 1676 793 1719 Pierre
823 1678 879 1719 de
910 1677 1031 1730 Cros,
1061 1677 1177 1719 abbe
1208 1678 1263 1719 de
1293 1678 1516 1731 Tournus,
1547 1677 1599 1719 O.
1631 1678 1675 1719 S.
1707 1678 1775 1731 B.,
1806 1678 1918 1719 dans
1948 1677 1989 1719 16
2018 1676 2192 1718 diocese
2222 1677 2278 1717 de
2309 1674 2498 1724 Chalon;

483 1761 645 1802 promu
665 1749 691 1789 a
711 1747 1054 1803 Saint-Papoul,
1074 1748 1114 1789 le
1135 1748 1187 1789 27
1209 1747 1357 1801 juillet
1376 1749 1509 1798 1362;
1532 1749 1815 1803 archeveque
1834 1749 1889 1790 de
1909 1748 2123 1801 Bourges,
2143 1748 2185 1787 le
2206 1747 2230 1787 9
2251 1746 2349 1800 juin
2368 1746 2495 1798 1370,

483 1818 583 1872 puis
610 1818 786 1861 d'Arles
816 1817 856 1872 (2
884 1819 995 1859 aofit
1020 1818 1173 1872 1374);
1203 1820 1298 1859 eree
1326 1818 1526 1860 cardinal
1553 1820 1615 1860 du
1641 1819 1749 1860 titre
1774 1820 1851 1861 des
1872 1815 2487 1867 Saints-Neree—et-Achillee,

482 1903 564 1942 par
583 1888 788 1930 Clement
801 1888 908 1942 VII,
928 1889 969 1929 le
988 1889 1041 1941 23
1062 1889 1299 1930 decembre
1317 1890 1451 1938 1383;
1472 1897 1594 1931 mort
1612 1889 1653 1931 le
1666 1890 1721 1931 16
1742 1889 1986 1931 novembre
2002 1889 2129 1930 1388.
2151 1887 2331 1939 Baluze,
2353 1886 2496 1939 Vitae,

483 1959 566 2000 col.
591 1960 725 2009 1302;
758 1959 870 2001 Gall.
895 1958 1059 2012 christ„
1084 1967 1118 2001 t.
1144 1973 1196 2012 11,
1213 1959 1295 2000 col.
1322 1959 1398 2009 83;
1425 1967 1457 2002 t.
1476 1974 1508 2011 1,
1533 1960 1615 2001 col.
1635 1961 1846 2010 578-579;
1889 1967 1924 2000 t.
1962 1973 2026 2012 1v,
2051 1959 2134 2000 col.
2181 1959 2287 2006 973;
2315 1964 2348 1998 t.
2387 1969 2490 2008 xm,

483 2029 566 2070 col.
591 2030 696 2080 304;
725 2029 885 2083 Eubel,
911 2029 1054 2083 Hier„
1083 2037 1117 2072 t.
1146 2043 1179 2083 1,
1206 2044 1250 2084 p.
1280 2030 1351 2083 26,
1379 2030 1479 2083 104,
1509 2031 1610 2084 142,
1637 2031 1737 2072 409.

542 2101 582 2141 2.
616 2100 733 2141 Jean
760 2100 924 2150 Fabr03
954 2114 997 2141 n.
1026 2100 1127 2154 236,
1154 2108 1260 2141 note
1287 2101 1327 2142 1.
2350 2155 2355 2160 .

545 2172 586 2212 3.
609 2171 774 2213 Decret
787 2169 1060 2224 Multorum‚'
1072 2171 1184 2212 dans
1208 2170 1430 2225 Clo-ment„
1453 2171 1528 2213 lib.
1554 2171 1608 2226 V,
1632 2171 1704 2214 tit.
1730 2186 1801 2226 111,
1824 2186 1922 2227 cap.
1946 2172 1987 2213 1.
2013 2171 2078 2212 Cf.
2103 2170 2164 2212 les
2187 2170 2490 2211 ordonnances

481 2236 558 2283 des
580 2241 829 2283 cardinaux
850 2240 1058 2282 Taillefer
1079 2241 1134 2282 de
1155 2241 1197 2282 la
1221 2240 1430 2296 Chapelle
1444 2249 1490 2283 et
1505 2242 1726 2296 Berenger
1739 2243 1794 2283 de
1811 2241 1985 2283 Fredol.
2009 2240 2192 2294 Douais,
2212 2240 2485 2291 Documenta,

480 2320 513 2354 t.
542 2326 594 2366 11,
619 2327 663 2367 p.
691 2313 903 2361 326-329;
931 2311 988 2353 cf.
1015 2311 1145 2353 etiam
1171 2325 1323 2366 supra,
1351 2326 1394 2354 n.
1423 2313 1464 2366 5,
1491 2321 1598 2354 note
1623 2314 1665 2354 3.

536 2383 577 2424 4.
611 2382 696 2424 Sur
720 2383 781 2425 les
806 2382 981 2438 prisons
1006 2381 1258 2437 episcopale
1283 2390 1330 2424 et
1352 2382 1680 2437 inquisitoriale
1704 2384 1760 2425 de
1785 2383 1827 2425 la
1852 2383 1939 2426 cite
1965 2384 2020 2424 de
2046 2383 2364 2434 Carcassonne,
2390 2379 2484 2422 voir

480 2453 538 2494 M.
569 2453 647 2494 Ch.
677 2453 895 2506 Molinier,
922 2452 1250 2506 L'Inquisition
1276 2453 1387 2494 dans
1414 2454 1451 2494 le
1477 2453 1615 2507 Midi,
1643 2469 1687 2508 p.
1716 2455 1920 2496 435-442.

535 2526 574 2565 5.
610 2526 663 2566 N.
695 2525 793 2577 236,
824 2532 929 2566 note
958 2525 998 2565 2.

1329 2974 1402 2982 —
1443 2938 1662 2999 252—

550 3103 934 3171 L’inquisiteur
976 3102 1037 3153 de
1079 3101 1131 3152 la
1172 3100 1418 3167 province
1459 3101 1670 3153 d'Arles
1713 3113 1759 3153 et
1799 3121 1898 3154 son
1939 3102 2136 3154 vicaire
2177 3111 2295 3153 sont
2334 3098 2476 3150 char·
2538 3140 2540 3176 4

476 3193 560 3252 ge's
591 3189 650 3239 de
680 3188 816 3255 faire
848 3206 949 3238 une
982 3190 1190 3252 enquete
1220 3196 1391 3236 contre
1422 3186 1549 3236 trois
1580 3186 1863 3253 Ιῑένὲιίᾳιιεε
1894 3186 2213 3252 originaires
2258 3184 2327 3235 du
2369 3181 2472 3232 dio·
2538 3177 2539 3186 ¹

472 3277 578 3323 cese
606 3274 665 3323 de
702 3273 915 3335 Geneve,
945 3270 1138 3336 captiss
1166 3272 1199 3320 ὰ
1228 3270 1495 3335 Avignon.
1527 3299 1595 3306 ——
1613 3271 1987 3337 Avignon,1er
2014 3271 2226 3337 janvier
2257 3267 2403 3318 1365.

816 3407 922 3458 Reg.
950 3405 1064 3457 Vae„
1087 3411 1120 3445 t.
1145 3416 1350 3456 ccxzvn,
1370 3403 1447 3458 fol.
1471 3405 1575 3454 197;
1599 3405 1878 3460 Lecacheux,
1899 3419 1968 3460 op.
1992 3405 2080 3458 cit„
2102 3419 2145 3446 n.
2168 3403 2279 3444 1489
2303 3396 2471 3455 (anal.)3
2528 3356 2533 3461 ³

764 3476 922 3529 Eubel,
947 3475 1083 3528 Bau„
1109 3481 1142 3515 t.
1169 3487 1234 3527 vx,
1259 3488 1303 3515 n.
1330 3474 1412 3515 928
1442 3473 1611 3528 (anat).

545 3598 767 3648 Dilectis
806 3596 926 3646 filiis
961 3592 1275 3660 inquisitori
1308 3593 1542 3644 heretice
1563 3596 1856 3661 pravitatis
1890 3596 1946 3647 in
1979 3593 2259 3662 provincia
2295 3587 2467 3640 Arela·
2522 3599 2526 3634 1

475 3694 580 3733 ten.
621 3681 923 3731 constituto
951 3679 968 3710 ¹
1003 3689 1058 3727 et
1094 3677 1209 3727 eius
1246 3676 1469 3740 vicario,
1508 3680 1761 3744 salutem,
1798 3691 1902 3732 etc.
1941 3709 2009 3715 —
2047 3681 2125 3729 De
2160 3687 2338 3728 vestra
2374 3670 2464 3720 cir·
2519 3694 2522 3731 ς

469 3765 876 3831 cumspectione
922 3782 983 3812 ac
1030 3762 1142 3811 zelo
1190 3778 1339 3813 sacre
1391 3762 1515 3812 fidei
1563 3776 1807 3828 gerentes
1855 3765 1909 3815 in
1959 3763 2191 3814 Domino
2216 3755 2459 3810 fiduciam
2517 3771 2520 3810 t
