2540 4354
449 390 551 446 342
843 405 1130 439 ΒυιιΑιΒΕ
1174 405 1245 436 DE
1298 385 1713 446 L’1NQU1S1T10N
1762 407 2078 451 fanense

1261 595 1606 655 -229—

527 766 779 814 Innocent
820 761 897 811 VI
930 761 1100 810 donne
1131 762 1164 809 ὰ
1197 759 1437 809 Bernard
1465 760 1686 825 Dupuy,
1720 760 1851 826 frere
1886 760 2107 822 mineur,
2144 761 2457 827 inquisiteur

455 851 514 900 de
549 849 823 906 Provence,
860 845 903 894 Ze
936 843 1157 910 pouvoir
1190 843 1250 893 de
1282 862 1334 892 se
1368 843 1546 905 saisir,
1583 863 1646 894 en
1679 845 1891 911 quelque
1925 844 2032 895 lieu
2065 845 2221 911 qu’ils
2238 865 2290 895 se
2323 858 2454 898 trou-

459 944 588 994 vent,
624 932 683 981 de
716 928 939 980 certains
973 927 1106 993 juifs
1140 927 1408 989 converti-3,
1445 932 1707 978 retourne's
1742 947 1813 978 aa
1843 928 2109 994 judaisme
2141 941 2185 979 et
2232 930 2454 996 re'sugie's

459 1019 574 1068 hors
614 1016 700 1065 des
741 1012 932 1063 limites
972 1013 1032 1062 de
1073 1030 1132 1060 εα
1169 1011 1430 1077 province.
1476 1013 1524 1061 Il
1563 1013 1674 1062 leur
1711 1012 1824 1078 fera
1865 1033 1937 1064 un
1975 1018 2151 1079 proces
2183 1016 2456 1066 sommaire

452 1113 496 1151 et
533 1102 602 1150 les
639 1097 841 1164 punira
864 1096 900 1147 ¹.
940 1126 1008 1131 —
1045 1095 1316 1161 Avignon,
1356 1097 1422 1146 30
1460 1099 1769 1162 septembre
1811 1097 1960 1148 1359.

803 1232 908 1283 Reg.
938 1230 1053 1282 Vat„
1078 1237 1111 1271 t.
1139 1243 1292 1281 ccxu,
1315 1227 1390 1270 fol.
1417 1230 1487 1282 13,
1511 1230 1616 1279 134;
1641 1230 1882 1284 Wadding,
1905 1246 1976 1286 op.
2000 1231 2088 1285 cil„
2112 1248 2185 1274 an.
2211 1234 2337 1286 1359,
2361 1250 2403 1276 n.
2427 1249 2462 1276 11

746 1302 811 1356 (in
835 1300 956 1354 ext.);
986 1300 1144 1352 Eubel,
1168 1299 1305 1352 Ball„
1330 1307 1364 1341 t.
1391 1314 1455 1352 vr,
1481 1315 1523 1341 n.
1551 1301 1649 1342 772.

533 1429 743 1478 Dilecto
804 1424 913 1474 filio
967 1421 1244 1472 Bernardo
1302 1420 1367 1471 de
1426 1421 1611 1483 Podio‚
1670 1423 1872 1476 ordinis
1904 1424 2138 1476 fratrum
2195 1426 2460 1480 minorum

458 1510 765 1580 professori,
804 1507 1065 1573 magistro
1102 1506 1158 1556 in
1194 1525 1345 1557 sacra
1384 1499 1620 1572 pagina,'
1640 1508 1875 1558 heretice
1913 1510 2205 1575 pravitatis
2242 1511 2460 1578 inquisi-
2499 1569 2503 1574 ,

458 1597 564 1648 tori
621 1596 676 1646 in
735 1592 1016 1660 provincia
1081 1590 1364 1641 Provincie
1424 1591 1759 1643 auctoritate
1817 1594 2117 1660 apostolica
2177 1596 2460 1662 deputato,

458 1682 710 1733 salutem.
779 1709 847 1716 —
913 1675 1090 1727 Anxia
1156 1675 1318 1726 nimis
1386 1686 1569 1726 mente
1636 1677 1976 1744 percepimus
2029 1681 2316 1731 nonnullos
2367 1682 2459 1733 ini-

459 1764 687 1832 quitatis
733 1763 869 1813 filios
913 1772 967 1811 et
1009 1760 1330 1826 perditionis
1374 1761 2008 1828 alumpnos,spontanee
2048 1764 2236 1814 relicto
2255 1764 2459 1818 iudaice

460 1849 704 1901 cecitatis
730 1864 907 1898 errore
933 1864 1026 1912 per
1050 1846 1334 1896 lavacrum
1358 1846 1783 1910 regenerationis
1810 1847 1878 1897 ad
1908 1848 2072 1897 fidem
2113 1849 2460 1902 christianam

460 1952 748 1986 conversos
790 1932 1023 1983 eandem
1068 1931 1233 1980 fidem
1277 1930 1605 1982 catholicam
1648 1933 1984 1997 abnegantes
2027 1933 2096 1984 ad
2140 1934 2461 1999 prebilatam

461 2019 749 2071 cecitatem
812 2016 1086 2067 iudaicam
1150 2014 1303 2064 velut
1368 2032 1526 2065 canes
1590 2015 1659 2066 ad
1724 2015 1998 2066 vomitum
2045 2017 2464 2083 dampnabiliter

457 2103 695 2165 rediisse,
734 2101 827 2168 qui
863 2119 917 2151 se
953 2102 1020 2151 de
1055 2110 1150 2150 tue
1191 2099 1565 2165 Inquisitionis
1606 2100 1804 2151 finibus
1841 2102 1910 2152 ad
1948 2112 2130 2168 partes
2163 2103 2461 2168 incognitas

461 2190 546 2239 vel
592 2188 862 2239 distantes
907 2185 1244 2237 clandestine
1290 2186 1662 2247 contulerunt,
1709 2186 1855 2251 quod
1889 2197 2047 2237 tanto
2088 2187 2256 2252 magis
2288 2206 2462 2254 repro-

462 2276 593 2324 bum
628 2283 683 2322 et
717 2271 1019 2323 absurdum
1054 2270 1167 2319 fore
1203 2268 1506 2320 dinoscitur
1542 2280 1750 2335 quanto
1786 2289 1854 2320 ex
1889 2272 1990 2321 hoc
2026 2271 2224 2323 Christi
2271 2291 2463 2323 nomen

462 2357 869 2410 sanctissimum
923 2355 1164 2422 quadam
1216 2354 1506 2406 interstina
1562 2354 1678 2420 (sic)
1733 2355 2040 2407 hostilitate
2091 2357 2461 2409 detestabilius

463 2444 868 2502 blasfl'ematur3
914 2459 1013 2491 nos
1059 2439 1226 2505 igitur
1275 2439 1368 2505 qui
1415 2441 1516 2490 sub
1564 2439 1763 2491 nostris
1811 2440 2088 2492 desideriis
2137 2441 2366 2507 gerimus
2410 2451 2464 2492 et

462 2527 731 2578 instancia
772 2526 943 2576 multe
980 2524 1340 2575 solicitudinis
1379 2524 1655 2575 exitamur
1692 2535 1755 2575 ut
1795 2525 1927 2576 fides
1966 2526 2233 2578 catholica
2270 2525 2462 2578 nostris

463 2622 812 2679 prosperetur
848 2610 1189 2677 temporibus
1228 2620 1283 2659 et
1321 2609 1607 2662 calamitas
1645 2609 1880 2660 heretice
1918 2610 2209 2676 pravitatis
2247 2611 2312 2661 de
2351 2609 2462 2661 fini·

465 2700 564 2749 bus
602 2695 845 2747 fidelium
878 2694 1204 2761 extirpetur,
1240 2695 1503 2745 adversus
1540 2695 1675 2745 tales
1711 2694 2000 2761 neophitas
2035 2696 2344 2746 novercales
2377 2695 2461 2746 illo

463 2782 708 2832 volentes
748 2779 848 2830 tibi
887 2779 1124 2831 remedio
1163 2778 1455 2829 subvenire
1493 2797 1587 2845 per
1626 2779 1772 2844 quod
1810 2778 2053 2845 ipsorum
2092 2790 2462 2846 compescatur

463 2864 744 2916 temeritas
779 2875 834 2915 et
867 2863 984 2915 aliis
1019 2863 1202 2914 aditus
1238 2862 1624 2913 committendi
1656 2862 1851 2915 similia
1887 2864 2255 2930 precludatur,
2276 2863 2464 2915 discre-

464 2949 601 3000 tioni
632 2959 724 2999 tue
756 2949 821 2999 de
854 2967 962 3014 qua
994 2947 1371 3014 experimento
1403 2947 1669 2998 laudabili
1699 2947 1753 2998 in
1787 2948 2082 2999 maioribus
2115 2949 2462 3014 comprobata

470 3035 631 3084 fidem
669 3033 723 3083 in
763 3032 997 3082 Domino
1037 3032 1271 3098 gerimus
1310 3032 1626 3098 pleniorem,
1647 3050 1809 3098 super
1846 3032 1946 3084 hiis
1985 3032 2277 3084 summarie
2312 3042 2366 3082 et
2401 3031 2463 3081 de

466 3120 628 3184 plano
673 3119 879 3184 absque
924 3116 1160 3183 strepitu
1205 3127 1260 3167 et
1307 3117 1478 3182 figura
1522 3116 1709 3167 iudicii
1753 3117 1964 3168 vocatis
2008 3117 2299 3169 evocandis
2344 3134 2460 3166 cum

469 3202 615 3253 fideli
647 3201 927 3267 diligentia
961 3212 1016 3251 et
1048 3202 1253 3252 sollerti
1288 3203 1621 3268 ubicumque
1654 3201 1817 3252 fueris
1867 3202 2075 3268 plenius
2121 3198 2460 3263 informandi,

468 3298 522 3336 et
565 3286 609 3337 si
650 3287 912 3353 repereris
957 3286 1035 3336 ita
1079 3304 1194 3337 esse
1238 3286 1554 3337 huiusmodi
1595 3286 1935 3337 iudaisantes
1980 3287 2048 3336 ad
2094 3304 2308 3352 presens
2351 3282 2460 3334 ubi-

469 3389 701 3436 cumque
726 3371 840 3421 vivi
865 3370 1069 3420 fuerint
1093 3371 1380 3422 adinventi
1405 3389 1499 3437 per
1524 3381 1596 3432 te,
1623 3371 1709 3420 vel
1734 3371 1920 3432 alium,
1941 3389 2034 3421 seu
2053 3371 2183 3422 alios
2203 3365 2460 3436 capiendi,

468 3455 765 3516 detinendi,
815 3455 1205 3514 incarcerandi,
1256 3455 1491 3505 ducendi
1539 3466 1594 3505 et
1642 3455 1825 3506 debite
1875 3455 2153 3521 puniendi,
2216 3464 2270 3504 et
2329 3449 2460 3518 capi,

468 3540 715 3600 detineri,
759 3540 1097 3602 incarcerari,
1141 3540 1266 3590 duci
1307 3550 1362 3588 et
1403 3540 1583 3606 puniri
1625 3540 1807 3590 debite
1849 3539 2100 3602 faciendi,
2143 3538 2462 3601 ubicumque

468 3622 665 3674 videris
700 3624 972 3690 expedire,
1009 3634 1064 3673 et
1100 3634 1343 3674 mortuos
1379 3623 1667 3674 exhumari
1700 3633 1756 3672 et
1775 3624 1839 3673 de
1874 3624 1948 3674 sic
1980 3621 2288 3673 exhumatis
2319 3616 2462 3669 iusti·

469 3707 606 3758 ciam
641 3707 885 3758 debitam
921 3708 963 3758 si
998 3709 1243 3757 nondum
1278 3707 1426 3758 facta
1461 3707 1712 3758 extiterit
1746 3707 2007 3769 faciendi3
2044 3704 2461 3756 contradictores

468 3807 683 3859 quoque
751 3791 1141 3862 cuiuscumque
1203 3792 1419 3861 gradus,
1468 3801 1666 3853 status,
1735 3791 1955 3854 ordinis,
2023 3791 2109 3844 vel
2144 3785 2459 3843 conditionis
