2540 4354
419 367 522 418 204
803 383 1090 418 nuLLAuuz
1133 384 1208 415 DE
1250 365 1662 427 tz’momsrrxou
1705 382 2024 426 rnANciusn

423 501 625 553 nostris
658 517 820 566 super
865 498 964 548 hiis
1009 497 1398 549 deliberatione
1433 497 1719 564 prehabita
1769 497 2023 563 diligente
2065 499 2311 549 volentes
2359 499 2423 548 de

421 584 521 635 hiis
554 603 657 650 que
703 594 891 633 contra
951 583 1300 648 inquisitores
1362 582 1643 648 proposita
1690 583 1910 633 fuerant
1969 583 2253 634 informari
2316 586 2423 650 ple-

419 667 539 719 nius
578 686 638 718 ac
675 668 860 718 taliter
897 667 1182 732 providere
1244 667 1390 732 quod
1442 685 1539 716 nec
1597 667 1800 716 crimen
1850 667 2189 733 impunitum
2252 687 2424 719 rema-

418 763 546 803 neat
586 763 639 801 et
683 762 1028 801 mortuorum
1068 750 1162 816 qui
1201 750 1460 816 conqueri
1498 761 1781 816 nequeunt
1816 751 2031 802 iustitia
2071 752 2281 802 illibata
2322 771 2425 802 ser-

418 847 594 899 vetur,
633 835 790 885 dictis
825 834 1240 900 inquisitoribus
1277 835 1342 884 de
1377 835 1611 885 fratrum
1647 836 1963 885 eorumdem
1982 836 2202 886 consilio
2218 836 2425 901 scripsi-

420 939 538 970 mus
573 937 637 968 ne
673 919 741 969 ad
778 919 1297 982 condempnandum
1331 919 1417 968 vel
1451 920 1851 969 absolvendum
1870 919 2108 985 aliquem
2128 931 2426 980 mortuum,

420 1004 512 1070 qui
539 1005 604 1053 de
630 1002 802 1052 heresi
828 1004 892 1052 de
912 1021 1018 1068 qua
1038 1021 1161 1052 cum
1181 1002 1393 1052 viveret
1419 1021 1527 1053 non
1547 1003 1739 1054 fuisset
1758 1004 2051 1068 confessus,
2073 1005 2425 1070 procederent

418 1088 521 1137 nisi
555 1087 700 1153 prius
737 1087 891 1136 nobis
927 1086 1188 1137 consultis
1223 1105 1384 1153 super
1417 1088 1518 1137 hoc
1552 1097 1604 1137 et
1642 1088 1894 1138 omnibus
1916 1088 2255 1154 processibus
2275 1088 2428 1153 origi-

419 1171 632 1231 nalibus
663 1171 822 1221 factis
853 1181 1042 1221 contra
1073 1171 1361 1221 defunctos
1392 1171 1723 1236 huiusmodi,
1742 1172 1786 1222 si
1803 1182 1936 1222 tunc
1953 1183 2134 1222 essent
2153 1173 2430 1238 completi,

418 1254 658 1320 alioquin
683 1274 806 1305 cum
829 1266 1009 1305 essent
1033 1256 1307 1321 completi,
1335 1275 1428 1322 per
1449 1257 1672 1306 nuntios
1700 1257 1883 1306 fideles
1921 1257 2258 1321 integraliter
2274 1257 2428 1307 nobis

419 1338 592 1390 missis
634 1339 670 1390 1.
718 1341 1010 1405 Postque..
1057 1339 1093 1400 ²,
1131 1339 1454 1406 inquisitore
1498 1341 1881 1392 Carcassonen.
1927 1351 2278 1406 comparente
2313 1358 2428 1406 per-

418 1425 679 1475 sonaliter
713 1442 894 1474 coram
928 1424 1102 1486 nobis,
1139 1443 1235 1475 nos
1269 1426 1333 1474 de
1368 1425 1603 1475 fratrum
1636 1426 1934 1475 eorundem
1967 1425 2189 1475 consilio
2222 1425 2424 1475 exami-

419 1509 699 1559 nationem
742 1508 875 1558 dicti
914 1508 1137 1574 negotii,
1181 1518 1242 1558 ut
1284 1510 1495 1558 dictum
1538 1509 1819 1574 negotium
1861 1509 2268 1574 expeditionem
2312 1508 2425 1574 (sic)

419 1604 842 1658 consequeretur
860 1593 1088 1653 exitum,
1125 1594 1495 1643 commisimus
1529 1594 1739 1644 dilectis
1763 1594 1884 1643 filiis
1932 1594 2140 1644 Jacobo
2157 1591 2196 1655 3,
2243 1604 2428 1643 sancte

425 1678 617 1738 Prisce,
640 1688 694 1727 et
717 1678 1048 1743 Raymundo
1085 1677 1124 1742 4,
1161 1678 1311 1728 tituli
1344 1679 1520 1729 sancti
1541 1678 1778 1740 Eusebii,
1814 1678 2124 1744 presbiteris
2146 1678 2427 1729 cardinali·

421 1763 541 1824 bus,
566 1762 658 1828 qui
681 1780 776 1828 pro
800 1781 860 1812 eo
885 1764 1031 1828 quod
1053 1762 1108 1812 in
1131 1763 1381 1829 partibus
1403 1762 1505 1813 illis
1528 1763 1769 1829 episcopi
1791 1763 2011 1813 fuerant
2032 1780 2093 1813 ac
2116 1764 2429 1828 frequenter

416 1845 473 1896 in
508 1847 738 1912 negotiis
779 1836 1154 1913 Inquisitionis
1188 1848 1555 1898 interfuerant
1589 1849 1787 1898 habere
1824 1858 2082 1914 poterant
2117 1848 2424 1914 promptius

419 1929 681 1981 noticiam
718 1932 783 1981 de
820 1932 1095 1997 predictis.
1119 1932 1223 1995 Qui
1258 1933 1484 1982 tandem
1528 1932 1853 1998 inquisitore
1881 1942 2135 1998 presente
2166 1932 2426 1982 relatione

419 2016 566 2066 facta
607 2016 662 2066 in
703 2016 1022 2066 consistorio
1065 2016 1221 2067 nobis
1263 2027 1318 2066 et
1359 2017 1518 2067 dictis
1560 2017 1822 2067 fratribus
1865 2017 1930 2066 de
1972 2016 2247 2082 predictis,
2307 2035 2428 2066 cum

415 2092 708 2165 inquisitor
755 2120 878 2150 cum
925 2101 1188 2152 relatione
1235 2101 1607 2167 predictorum
1655 2101 2014 2152 cardinalium
2076 2101 2428 2151 concordaret

418 2183 475 2233 in
502 2185 777 2245 omnibus,
810 2186 1012 2251 pluries
1037 2186 1182 2252 ipsos
1208 2186 1523 2250 audivimus
1549 2186 1674 2236 hinc
1699 2196 1753 2235 et
1777 2186 1919 2236 inde.
1947 2186 2193 2236 Tandem
2215 2196 2274 2234 ut
2293 2203 2426 2250 nego

420 2269 559 2318 tium
614 2280 797 2335 posset
851 2271 1160 2336 promptius
1214 2270 1459 2336 expediri
1512 2271 1726 2321 duobus
1781 2270 2007 2336 prefatis
2063 2270 2427 2320 cardinalibus

419 2353 770 2414 adiunximus
804 2355 1030 2405 dilectos
1067 2355 1203 2405 filios
1235 2365 1450 2405 nostros
1487 2357 1710 2405 Petrum
1744 2352 1783 2417 5,
1818 2355 1967 2404 tituli
1999 2354 2175 2404 sancti
2209 2353 2427 2404 Martini

420 2437 474 2487 in
517 2439 814 2500 Montibus,
858 2450 912 2488 et
955 2441 1180 2489 Petrum
1218 2439 1257 2501 ⁶,
1301 2440 1452 2490 tituli
1492 2439 1668 2490 sancti
1693 2439 1958 2505 Stephani
1981 2439 2036 2489 in
2059 2438 2426 2489 Coeliomonte

419 2523 743 2587 presbiteros
786 2524 1103 2587 cardinales,
1147 2524 1239 2590 qui
1279 2543 1385 2574 una
1430 2543 1553 2574 cum
1594 2525 1808 2574 duobus
1849 2523 2075 2589 prefatis
2116 2524 2201 2572 vel
2241 2541 2426 2573 eorum

419 2607 589 2657 altero
616 2609 974 2673 procederent
998 2608 1052 2657 in
1078 2609 1296 2673 negotio
1323 2609 1621 2658 antedicto.
1675 2610 1786 2658 Hec
1812 2618 1940 2658 sunt
1966 2625 2068 2673 que
2108 2607 2332 2656 fecimus
2372 2607 2424 2656 in

420 2691 677 2755 predictis
716 2693 1017 2742 multorum
1055 2693 1382 2743 clamoribus
1421 2692 1649 2743 excitati
1686 2693 1780 2759 qui
1817 2693 1990 2742 multa
2029 2691 2268 2742 conmita
2309 2691 2425 2756 (sic)

416 2773 603 2825 illicita
650 2794 743 2841 per
787 2777 1135 2842 inquisitores
1182 2788 1370 2827 contra
1419 2787 1662 2827 mortuos
1722 2776 2029 2842 specialiter
2092 2776 2422 2825 asserebant.

417 2886 485 2895 —
519 2860 725 2910 Datum
760 2859 1034 2924 Avinioni,
1069 2881 1126 2911 vr
1159 2862 1279 2912 idus
1314 2860 1515 2924 marcii,
1552 2881 1694 2912 anno
1733 2861 1945 2911 XVIII.

471 3048 511 3088 1.
544 3048 652 3089 Voir
684 3056 802 3089 cette
835 3049 969 3101 bulle,
1003 3065 1046 3090 n.
1081 3051 1178 3092 106.

474 3119 513 3158 2.
542 3118 681 3159 Henri
706 3120 761 3160 de
787 3119 1002 3173 Chamay,
1028 3135 1071 3161 n.
1098 3122 1167 3174 84,
1194 3129 1300 3163 note
1324 3123 1363 3162 1.

473 3190 513 3229 3.
547 3189 741 3242 Jacques
771 3187 1002 3239 Fournier3
1032 3205 1075 3231 n.
1106 3192 1176 3244 24,
1203 3199 1310 3234 note
1337 3193 1377 3233 1.

473 3260 513 3299 4.
549 3259 789 3312 Raymond
819 3261 874 3301 de
903 3260 1217 3314 Mostuejou133
1249 3277 1292 3304 n.
1323 3264 1393 3316 22,
1424 3271 1530 3304 note
1557 3264 1598 3304 3.

474 3330 514 3369 5.
549 3328 694 3370 Pierre
726 3331 780 3370 de
813 3330 1037 3385 Chappes;
1070 3346 1113 3372 n.
1147 3333 1217 3385 46,
1250 3340 1355 3374 note
1387 3335 1426 3374 3.

472 3400 511 3439 6.
546 3399 691 3439 Pierre
720 3399 881 3440 Tissier
908 3402 964 3442 de
992 3401 1363 3452 Saint-Antonin;
1395 3418 1437 3444 n.
1469 3405 1539 3455 67,
1569 3411 1675 3445 note
1703 3406 1742 3446 7.
