2540 4354
954 395 1287 439 ‘snus-xxii
1350 414 1355 417 ·
1411 414 1416 418 >
1615 417 1618 419 ·
1694 416 1702 421 -
2018 384 2120 438 189

475 515 582 571 Reg.
607 515 724 572 Vae„
744 523 780 560 t.
803 530 949 572 cxvii,
970 531 1015 560 n.
1037 518 1142 568 7773
1164 517 1312 571 Vidn,
1331 518 1501 571 Procas,
1523 524 1625 572 etc„
1646 530 1691 572 p.
1714 480 1812 560 386.

122 670 126 671 ν
210 633 400 698 Eidem
438 635 690 703 episcopo
733 637 921 689 Elnen.
963 666 1032 674 —
1069 638 1254 688 Zelum
1274 656 1470 704 purum
1489 656 1651 704 quem
1669 639 1738 690 ad
1771 638 2115 691 dilatandum

109 734 162 793 ’-
176 723 303 782 dem
334 725 660 778 catholicam
692 745 756 779 ac
785 745 989 779 errores
1019 738 1075 778 et
1106 728 1316 779 hereses
1347 728 1700 795 extirpandos
1746 729 1943 780 habere
1989 747 2113 780 cum

108 807 454 866 mentione
480 820 734 877 prompta
762 810 1071 874 dinosceris,
1100 811 1473 878 multipliciter
1497 811 1553 863 in
1584 811 1815 862 Domino
1844 829 2114 863 commen·

132 879 345 953 dantes,
374 891 777 945 fraternitatem
804 905 960 946 tuam
987 913 1240 960 rogamus
1268 905 1324 944 et
1352 895 1636 946 hortamur
1662 894 1951 958 attencius‚
1982 913 2112 962 qua·

114 971 300 1036 fus,
331 974 535 1027 habens
566 994 660 1043 pre
690 977 856 1048 oculis
886 978 1062 1029 solum
1096 978 1288 1040 Deum,
1321 995 1483 1044 quem
1515 977 1631 1045 (sic)
1662 978 1982 1029 incumbent
2011 978 2112 1029 tibi

127 1072 295 1123 super
318 1056 420 1109 hiis
445 1059 514 1110 ad
545 1059 643 1111 Dei
667 1060 884 1112 laudem
911 1071 966 1111 et
993 1061 1252 1111 honorem
1282 1060 1514 1111 Ecclesie
1541 1071 1726 1112 sancte
1744 1078 1837 1112 sue
1856 1060 2112 1112 studiosis

125 1139 383 1207 ‘operibus
412 1142 608 1209 exequi
636 1161 745 1195 non
774 1154 1089 1211 postponas.
1124 1144 1195 1195 Et
1223 1162 1361 1207 ecce,
1391 1144 1575 1206 frater,
1607 1145 1752 1211 quod
1783 1144 2111 1195 commissio·

119 1238 256 1297 ‘nem
297 1223 400 1275 tibi
442 1223 713 1278 mittimus
757 1228 823 1278 de
867 1246 974 1294 qua
1018 1227 1324 1279 carissimus
1367 1227 1422 1278 in
1466 1227 1677 1278 Christo
1723 1227 1864 1278 filius
1928 1237 2112 1278 noster

112 1303 390 1370 lacobus,
432 1326 528 1359 rex
571 1309 950 1362 Maioricarum
992 1309 1232 1374 illustris,
1276 1328 1438 1377 super
1478 1310 1816 1376 extirpandis
1835 1310 2110 1362 heresibus

115 1364 199 1454 ⁵³0
228 1389 469 1456 partium
529 1392 743 1445 illarum
800 1374 998 1446 finibu⁹s
1045 1394 1199 1445 nobis
1265 1393 1497 1460 scripsit.
1546 1422 1616 1430 —
1665 1393 1870 1444 Datum
1918 1411 1951 1443 v
2000 1392 2107 1444 kal.

114 1457 173 1543 ζ
197 1473 372 1537 uarii,
406 1492 548 1527 anno
587 1477 793 1529 xvuo.

16 1617 21 1630 ι
129 1606 158 1629 1⁷

898 1898 969 1907 —
1011 1864 1125 1924 127
1149 1871 1250 1924 ter
1286 1897 1363 1907 —

16 2102 37 2131 ⁴.
100 2063 162 2134 ἦ
198 2067 559 2120 Ρὲἰίεἰιαιίοηε
587 2087 658 2120 au
684 2070 762 2120 roi
789 2070 850 2120 de
879 2069 1157 2136 Major-que
1183 2088 1317 2136 pour
1343 2088 1438 2119 son
1464 2068 1792 2118 decrouement
1818 2070 1851 2116 ὰ
1878 2066 1931 2116 la
1956 2084 2109 2116 cause

51 2196 53 2198 ,
87 2139 180 2204 ¹?
221 2150 275 2202 la
305 2151 398 2218 joi,
435 2170 553 2203 avec
589 2153 915 2219 notification
948 2153 1009 2204 de
1043 2153 1231 2203 l’envoi
1265 2152 1313 2203 d‘
1323 2171 1423 2203 une
1457 2149 1792 2202 commis-sion
1826 2149 2106 2215 d‘inquisi·

89 2224 95 2229 i
266 2236 473 2300 general
499 2254 633 2302 pour
661 2236 880 2303 l’e'vdque
907 2235 1111 2288 d‘Elne.
1144 2264 1214 2272 —
1242 2236 1511 2301 Avignon,
1543 2234 1609 2285 28
1638 2234 1921 2285 decembre
1951 2230 2105 2285 1332.

120 2351 169 2392 [⁸
466 2365 572 2420 Reg.
601 2365 716 2420 Vah,
740 2374 773 2409 t.
801 2380 945 2420 cxvii,
969 2380 1012 2408 n.
1038 2367 1142 2415 776;
1166 2365 1312 2418 Vidal,
1334 2378 1405 2419 op.
1430 2364 1518 2417 cil„
1541 2378 1584 2419 p,
1610 2364 1707 2407 687.

123 2478 420 2549 Jacobo,
449 2487 560 2553 regi
590 2488 984 2540 Maioricarum.
1018 2516 1086 2523 —
1115 2488 1245 2538 Leta
1268 2505 1431 2537 manu
1455 2484 1684 2551 receptis
1705 2483 2104 2549 magnificentie

35 2566 45 2587 ³
120 2565 269 2626 {21⁸0
301 2568 495 2621 litteris
532 2570 686 2622 nobis
724 2571 1016 2622 novissime
1053 2570 1396 2637 presentatis,
1436 2586 1529 2635 per
1566 2586 1701 2633 quas
1753 2567 2100 2617 devotionem

125 2648 195 2710 :3⁰22
212 2669 389 2704 ‘ram
425 2671 591 2720 quam
615 2655 684 2706 ad
709 2673 805 2706 nos
829 2665 885 2705 et
906 2672 1191 2706 romanam
1216 2652 1351 2719 geris
1379 2651 1673 2702 Ecclesiam
1712 2650 2104 2700 delectabiliter

110 2726 467 2800 ss„‚»nsendo,
495 2737 564 2789 ad
592 2738 982 2805 extirpandum
1011 2755 1212 2788 errores
1241 2746 1296 2787 et
1325 2736 1532 2786 hereses
1552 2734 1616 2784 de
1639 2733 1835 2784 finibus
1854 2732 2002 2798 regni
2020 2732 2101 2782 tui

116 2826 153 2859 3’“
207 2834 348 2884 pure
381 2837 444 2871 ac
479 2812 624 2871 recte
658 2821 976 2872 intentionis
1012 2821 1187 2871 zelum
1225 2820 1422 2870 habere
1459 2836 1582 2868 cum
1621 2826 1873 2883 prompta
1910 2833 2101 2865 execu-

123 2917 158 2951 ‘2
188 2915 274 2951 ne
303 2902 476 2968 operis
508 2903 855 2971 descripsisti,
887 2904 1080 2954 exinde
1113 2901 1438 2953 sublimitati
1469 2900 1608 2965 regie
1642 2898 1938 2964 gratiarum
1970 2898 2101 2947 refe·

39 2987 43 2998 ’
119 2989 291 3043 “jusu
326 2985 515 3037 uberes
551 2986 809 3050 actiones,
847 3004 967 3038 eam
1003 2996 1255 3052 rogantes
1292 2995 1347 3035 et
1383 2985 1437 3035 in
1478 2982 1709 3033 Domino
1746 2982 2098 3032 exhortantes

40 3059 41 3062 Ἴ
135 3132 141 3141 ἢ
228 3075 354 3129 nte,
380 3069 639 3135 quatinus
665 3069 720 3121 in
747 3070 1058 3121 huiusmodi
1082 3068 1343 3120 laudabili
1370 3066 1647 3134 proposito
1674 3065 1943 3116 stabiliter
1983 3081 2097 3129 per·

126 3183 171 3208 ,-
203 3159 350 3202 eret.
384 3150 456 3203 Et
484 3170 623 3216 ecce,
658 3153 734 3204 fili
764 3153 1052 3215 carissime,
1085 3153 1231 3219 quod
1263 3150 1637 3202 comissionem
1669 3147 1963 3199 venerabili
1994 3147 2097 3197 fra-

117 3225 193 3293 ,ιξῖ
223 3242 408 3285 nostro
440 3234 691 3299 Guidoni,
722 3236 975 3304 episcopo
1009 3236 1216 3297 Elnen.,
1248 3232 1404 3285 iuxta
1424 3233 1656 3284 formam
1675 3231 1906 3299 petitam
1926 3226 2095 3281 mitti·

124 3309 263 3379 ἰιι,
286 3332 350 3367 ac
373 3316 645 3370 carissimo
670 3318 725 3370 in
750 3319 961 3371 Christo
992 3318 1099 3370 filio
1125 3329 1309 3369 nostro
1338 3316 1604 3383 Philippo,
1629 3314 1740 3381 regi
1766 3314 2095 3365 Francorum

39 3411 42 3413 ’
119 3395 148 3434 Π
207 3456 210 3458 ,
246 3396 335 3462 tri,
374 3417 470 3466 pro
510 3402 852 3454 concedenda
892 3402 994 3454 tibi
1032 3402 1293 3453 dilatione
1333 3400 1627 3452 affectuose
1667 3396 1969 3458 scribimus,
2033 3405 2095 3445 ut

47 3500 50 3508 ·
116 3489 163 3554 ‘j'
191 3477 326 3533 tisti.
357 3509 428 3520 —
458 3483 664 3536 Datum
696 3504 731 3536 v
764 3486 1022 3538 kalendas
1054 3484 1301 3548 ianuarii,
1335 3501 1477 3535 anno
1515 3481 1694 3534 XVII.
