2540 4354
440 354 538 406 182
824 366 1114 403 eumuna
1158 365 1233 397 DE
1276 345 1693 404 L’mouisrriou
1738 360 2059 405 FRANQAlsz

730 492 836 544 Reg.
860 490 975 542 Vat„
995 496 1028 530 t.
1051 501 1196 540 cxvu,
1215 486 1291 528 fol.
1312 486 1382 538 22,
1403 499 1445 526 n.
1467 484 1571 533 298;
1591 482 1802 535 Albanas,
1828 481 1973 524 Gallia
2007 481 2148 525 christ.
2186 482 2440 538 novissima,

536 590 547 602 .
579 564 582 566 ’
667 571 700 604 t.
727 577 759 615 1,
785 562 933 613 Instr„
958 559 1040 601 col.
1066 558 1149 599 149
1178 556 1242 611 (in
1265 555 1378 609 exa).

516 682 821 742 Guillelmo,
879 681 1051 729 electo
1123 677 1344 743 Apten.‚
1416 674 1728 741 inquisitori
1775 673 2008 724 heretice
2054 673 2346 739 pravitatis
2391 675 2445 726 in

440 767 708 818 comitatu
753 762 1050 829 Venaysini
1091 761 1393 826 ceterisque
1432 760 1550 810 aliis
1591 758 1841 825 partibus
1884 757 2074 808 vicinis
2117 777 2211 824 per
2252 758 2443 811 Sedcm

440 849 802 918 apostolicam
849 849 1138 914 deputato,
1187 846 1439 896 salutem.
1489 873 1558 879 —
1604 843 1749 893 More
1798 842 2008 893 celestis
2057 842 2444 895 misericordia·

437 954 626 985 rum...
661 962 730 969 —-
762 932 970 983 Datum
1003 926 1278 991 Avinioni,
1313 948 1373 979 x1
1406 928 1666 979 kalendas
1699 926 2041 993 septembriS‚
2076 945 2219 977 anno
2265 937 2444 978 sexto.

437 1019 663 1069 decimo.

493 1158 532 1198 1.
569 1159 621 1198 Ν.
651 1158 721 1210 49,
749 1165 854 1199 note
880 1159 920 1199 3.

497 1228 535 1268 2.
569 1227 676 1268 Voir
709 1228 769 1269 les
806 1229 926 1269 deux
958 1227 1101 1268 bulles
1134 1226 1379 1268 suivantes.
1416 1226 1477 1266 Le
1511 1225 1717 1267 tresorier
1750 1227 1805 1267 de
1837 1225 1881 1265 la
1915 1224 2134 1266 Chambre
2169 1222 2445 1278 apostolique

437 1305 597 1351 percut
615 1311 786 1350 encore,
806 1312 859 1338 en
878 1298 1006 1350 1344,
1024 1310 1111 1338 une
1129 1310 1299 1338 somme
1317 1297 1372 1338 de
1389 1296 1411 1335 1
1435 1297 1516 1348 900
1537 1295 1685 1337 ssorins
1704 1303 1956 1349 provenant
1981 1309 1998 1331 «
2018 1295 2072 1336 de
2091 1295 2288 1348 quadam
2321 1307 2436 1335 com-

438 1367 658 1421 positione
708 1369 828 1409 facta
881 1376 1082 1422 tempore
1116 1368 1235 1408 dom.
1306 1366 1535 1408 Guillermi
1585 1367 1641 1407 de
1691 1365 1958 1419 Granholiis,
2008 1363 2326 1419 predecessoris
2375 1363 2443 1405 sui

439 1454 542 1480 cum
573 1440 704 1480 Petro
734 1441 791 1480 de'
819 1438 1107 1492 Gigundasio,
1137 1438 1213 1492 qui
1242 1453 1320 1492 per
1347 1437 1659 1491 inquisitorem
1686 1436 1879 1478 heretice
1906 1435 2145 1490 pravitatis
2174 1435 2322 1476 fuerat
2349 1447 2449 1476 con·

442 1509 728 1563 dempnatus.
759 1524 776 1546 »
802 1509 967 1562 Rege-st.
994 1508 1149 1561 Aven„
1176 1516 1209 1550 t.
1239 1523 1401 1550 Lxxxv
1431 1508 1582 1561 (Clem.
1609 1507 1689 1560 VI,
1715 1514 1749 1548 t.
1777 1505 1914 1560 xxx),
1939 1506 2015 1548 fol.
2044 1507 2139 1547 526.

1219 1962 1293 1971 -—
1335 1926 1598 1986 122-123
1639 1961 1712 1968 —

520 2093 573 2143 N
577 2093 770 2143 ouvelle
799 2093 936 2143 lettre
963 2095 997 2142 ἀ
1025 2091 1246 2158 Γένέςιιε
1274 2091 1376 2142 d’A
1383 2102 1440 2157 pt
1467 2109 1559 2141 sur
1587 2091 1631 2141 le
1662 2093 1820 2140 meme
1838 2089 1972 2155 objet
1989 2101 2034 2140 et
2051 2090 2196 2139 ordre
2214 2109 2285 2140 αα
2301 2093 2448 2140 tre'so-

445 2177 548 2228 rier
565 2178 636 2227 du
653 2178 858 2229 Comtat
882 2176 1170 2227 Venaissin
1187 2176 1246 2227 de
1263 2175 1525 2242 percevoir
1541 2176 1611 2226 les
1629 2173 1748 2240 cinq
1768 2174 1907 2224 mille
1942 2175 2128 2239 flor-ins
2159 2174 2380 2225 destines
2410 2178 2441 2225 ὰ

444 2263 503 2313 la
530 2262 789 2312 Chambre
816 2260 1138 2326 apostolique
1165 2279 1292 2310 sans
1320 2259 1526 2311 toacher
1553 2278 1624 2309 aa
1651 2270 1778 2310 reste
1805 2259 1864 2309 de
1891 2259 1944 2310 la
1969 2277 2179 2310 somme.
2234 2287 2302 2294 —
2327 2257 2451 2310 Avi-

443 2366 603 2412 gnon,
637 2346 716 2397 1er
744 2347 966 2395 octobre
997 2345 1129 2396 1332
1158 2344 1194 2395 ¹.

787 2478 892 2530 Reg.
924 2478 1038 2530 Vae„
1064 2486 1097 2519 t.
1125 2492 1270 2530 cxvu,
1295 2478 1370 2519 fol.
1399 2492 1477 2531 Lu,
1504 2493 1545 2520 n.
1574 2480 1672 2530 298,
1697 2480 1793 2520 299.

521 2601 829 2652 Venerabili
865 2600 1022 2651 fratri
1060 2599 1365 2662 Guillelmo,
1403 2600 1657 2666 episcopo
1695 2599 1895 2666 Apten.
1935 2628 2003 2635 -
2039 2599 2215 2650 Patris
2253 2597 2449 2649 miseri-

449 2686 758 2737 cordiarum
796 2684 1133 2750 vicesgerens
1172 2684 1227 2734 in
1265 2683 1421 2734 terris
1459 2702 1718 2734 romanus
1758 2684 2009 2750 pontifex
2060 2684 2129 2734 ad
2187 2683 2444 2748 collapsas

447 2774 787 2842 afflictasque
830 2794 1088 2842 personas
1132 2775 1355 2842 pietatis
1399 2794 1493 2826 sue
1547 2775 1807 2826 libentius
1863 2772 2130 2825 intuitum
2178 2773 2359 2839 dirigit
2377 2772 2447 2823 eis

449 2872 613 2928 prout
638 2862 848 2928 placere
875 2859 1047 2910 credit
1072 2859 1352 2910 Altissimo
1379 2860 1704 2911 miserando.
1735 2860 1873 2910 Sane
1897 2860 2038 2910 lecta
2079 2878 2261 2910 coram
2299 2856 2448 2908 nobis

448 2957 544 2996 tua
571 2945 764 3013 petitio
793 2945 1113 2995 continebat
1139 2945 1285 3010 quod
1314 2946 1506 2995 Petrus
1532 2945 1597 2994 de
1619 2944 1980 3009 Gigundassio
2000 2943 2036 3004 ²,
2065 2943 2194 2993 civis
2222 2944 2448 3007 Carpen-

449 3041 706 3092 toraten.,
737 3030 830 3095 qui
857 3048 1040 3080 coram
1067 3039 1139 3091 te,
1165 3027 1490 3095 inquisitore
1519 3029 1752 3078 heretice
1781 3028 2073 3094 pravitatis
2100 3027 2155 3078 in
2175 3024 2446 3093 provincia

449 3133 503 3172 et
529 3121 797 3172 comitatu
827 3119 1129 3171 Venaissini
1155 3120 1488 3170 auctoritate
1514 3120 1810 3186 apostolica
1841 3121 2127 3185 deputato,
2150 3120 2216 3169 de
2234 3117 2450 3168 crimine

450 3206 648 3263 heresis
674 3223 769 3271 per
794 3224 950 3255 suam
978 3204 1373 3255 confessionem
1400 3205 1685 3254 convictus
1706 3223 1877 3270 usque
1896 3205 1963 3254 ad
1985 3205 2226 3254 valorem
2245 3203 2448 3252 decem·

452 3291 661 3341 milium
701 3291 1030 3341 florenorum
1067 3289 1186 3340 auri
1222 3289 1308 3339 vel
1345 3289 1483 3340 circa
1521 3289 1575 3339 in
1610 3288 1767 3339 bonis
1804 3297 1922 3339 tam
1961 3287 2252 3338 mobilibus
2289 3303 2448 3352 quam

451 3375 823 3425 immobilibus
864 3373 1124 3435 noscitur,
1169 3373 1310 3423 sicut
1351 3393 1378 3423 a
1426 3373 1710 3439 fidedignis
1752 3372 1860 3423 tibi
1895 3373 2090 3424 datum
2109 3382 2191 3422 est
2209 3368 2445 3434 intelligi,

451 3459 726 3509 obtinere:
762 3477 995 3524 quorum
1027 3457 1249 3524 quidem
1280 3459 1550 3508 bonorum
1583 3476 1837 3523 magnam
1870 3467 2082 3523 partem
2103 3453 2446 3522 acquisivisse

451 3543 650 3592 dicitur
673 3562 765 3608 per
796 3542 1104 3593 usurariam
1125 3542 1480 3608 pravitatem.
1505 3544 1640 3592 Cum
1662 3553 1849 3592 autem
1870 3541 1984 3607 ipse
2007 3541 2099 3607 qui
2120 3542 2185 3590 de
2207 3538 2447 3590 commis-

451 3627 519 3677 sis
554 3627 802 3692 penitens
837 3627 1115 3693 pravitate
1152 3627 1388 3678 heretica
1423 3627 1642 3693 penitus
1676 3624 1929 3677 abiurata
1965 3644 2059 3691 per
2091 3636 2145 3675 te
2163 3624 2443 3678 absolutus

451 3708 607 3779 iuxta
664 3712 897 3762 Ecclesie
952 3713 1187 3763 formam
1239 3713 1308 3762 ab
1360 3710 1945 3762 excommunicationis
1982 3709 2252 3761 sententia
2287 3723 2446 3775 quam
