2540 4354
969 370 1117 404 nnc
1158 371 1282 405 xxu
2013 359 2111 412 183

117 503 176 558 ζμ
216 515 222 532 ·
237 497 359 557 pter
385 486 643 555 premissa
669 486 971 538 incurrerat
997 486 1184 550 extitit
1212 497 1267 538 et
1293 488 1579 540 restitutus
1608 490 1847 542 eiusdem
1879 493 2110 544 Ecclesie

123 560 157 629 ᾧ
191 568 355 634 ‘tati,
401 580 518 622 tam
563 588 660 637 pro
726 566 1162 621 restitutionibus
1209 570 1275 621 de
1322 572 1495 623 usuris
1527 572 1836 625 huiusmodi
1852 575 2110 627 faciendis

192 680 197 697 ·
225 671 304 705 ιιι
328 653 437 705 suis
463 653 668 705 alendis
694 652 872 703 liberis
901 652 1272 719 multipliciter
1298 666 1552 707 oneratus
1579 658 2017 721 lamentabiliter,
2048 670 2109 709 ut

186 728 284 790 eta
304 737 664 788 subnectebat
685 735 896 803 petitio,
918 736 1248 802 supplicavit
1267 748 1328 787 ut
1349 757 1443 788 nos
1466 740 1533 789 ad
1554 758 1685 805 quos
1706 740 1845 792 bona
1866 742 2102 807 predicta

132 815 139 870 ξ
156 819 345 873 tione
364 818 496 871 dicti
516 818 751 870 criminis
772 819 1066 870 confiscata
1090 820 1363 886 pertinent
1384 822 1540 887 pleno
1562 823 1672 872 iure
1709 825 1918 875 occulos
1956 826 2108 876 mise·

185 902 361 956 cordie
399 902 883 967 convertentes-ad
921 902 1100 968 ipsum
1139 903 1204 952 de
1241 902 1395 955 bonis
1434 905 1633 956 eisdem
1672 906 1910 973 quinque
1963 908 2107 961 milia

130 999 163 1037 ψ
193 1003 464 1038 ·renorum
492 985 611 1038 auri
638 1003 736 1052 pro
765 986 986 1037 Camera
1018 996 1203 1037 nostra
1234 986 1408 1038 facere
1435 989 1599 1054 recipi
1627 1000 1682 1040 et
1710 990 1984 1041 residuum
2014 991 2105 1041 bo-

129 1096 191 1114 „1
233 1087 324 1121 um
364 1069 731 1136 predictorum
771 1069 872 1119 sibi
912 1087 1008 1135 pro
1050 1070 1304 1135 predictis
1359 1070 1616 1122 faciendis
1668 1073 2106 1125 restitutionibus

137 1157 146 1163 ”
214 1152 594 1206 alimentandis
625 1152 803 1203 liberis
836 1153 964 1204 dare
995 1169 1056 1203 ac
1090 1154 1379 1203 concedere
1411 1155 1475 1204 de
1509 1156 1842 1218 benignitate
1890 1168 2107 1222 aposto·

131 1230 152 1278 ἰ
214 1264 217 1278 -
266 1235 627 1302 dignaremur.
667 1235 843 1286 Nos...
883 1235 1216 1287 fraternitati
1253 1247 1411 1287 tue...
1451 1238 1682 1289 faciendi
1719 1258 1811 1305 per
1846 1240 2103 1291 dilectum

143 1313 303 1385 fhum
352 1318 752 1371 thesaurarium
804 1319 1097 1371 comitatus
1151 1321 1320 1370 nostri
1375 1321 1673 1372 Venaissini
1738 1323 1871 1373 infra
1941 1342 2103 1388 quem

141 1398 164 1445 ’Ὗ
220 1401 321 1456 ’tae
369 1401 813 1470 carpentoraten.
865 1402 1153 1453 consistere
1203 1403 1459 1464 noscitur,
1512 1404 1898 1470 quinquemilia
1951 1405 2103 1456 flore·
2130 1403 2137 1410 ’

130 1492 327 1559 stiram
366 1485 484 1538 auri
523 1486 589 1536 de
630 1485 785 1537 bonis
826 1486 1080 1552 predictis
1124 1487 1340 1536 nomine
1381 1498 1565 1538 nostro
1606 1498 1660 1537 et
1702 1488 1842 1538 dicte
1886 1490 2104 1539 Camere

221 1567 311 1638 ’pi,
353 1569 753 1634 solvendorum,
798 1579 962 1636 prout
1004 1569 1178 1620 eidem
1221 1571 1558 1621 thesaurario
1602 1589 1695 1637 per
1723 1572 1853 1624 alias
1890 1583 2101 1623 nostras

149 1661 335 1708 teras
371 1654 710 1713 mandamus,
732 1652 1118 1719 residuumque
1136 1653 1405 1704 dictorum
1425 1655 1689 1705 bonorum
1708 1655 1918 1714 prefato
1938 1655 2103 1706 Petro

150 1749 244 1793 ln
277 1755 373 1805 pro
403 1736 561 1789 dictis
607 1737 866 1789 faciendis
896 1737 1334 1787 restitutionibus
1368 1757 1531 1803 quam
1564 1739 1942 1791 alimentandis
1990 1762 2098 1792 suis

67 1830 69 1835 '
122 1800 211 1875 »ΓΙ
217 1818 305 1872 -ris
322 1839 445 1872 cum
462 1820 636 1872 eidem
654 1820 991 1872 thesaurario
1010 1831 1230 1872 tantum
1249 1840 1408 1887 super
1425 1822 1582 1872 dictis
1615 1823 1854 1889 quinque
1886 1825 2099 1876 milibus

76 1895 82 1901 Δ
173 1919 457 1956 renerum
489 1903 652 1956 fuerit
682 1902 1077 1971 [satisfactum]
1095 1904 1207 1955 vice
1227 1915 1282 1954 et
1299 1905 1627 1957 auctoritate
1645 1917 1828 1957 nostra
1861 1908 2100 1959 donandi

59 2002 62 2006 ’
135 2012 194 2067 ¹2>
154 1935 531 2039 eoncedendi
565 1988 632 2039 de
666 1988 838 2055 gratia
875 1988 1093 2054 speciali
1129 1989 1344 2054 plenam
1380 1999 1434 2038 et
1482 1989 1706 2040 liberam
1756 1991 2097 2042 concedimus

236 2087 312 2123 re
357 2071 687 2140 presentium
739 2072 1077 2123 facultatem.
1135 2100 1203 2107 —
1256 2072 1459 2123 Datum
1531 2070 1802 2134 Avinioni,
1856 2074 2096 2125 kalendis

160 2151 372 2218 “·bris,
421 2172 564 2207 anno
605 2156 811 2207 xvllo.

144 2228 478 2291 Guillelmo
494 2239 561 2289 de
579 2238 881 2302 Granholis‚
901 2238 1159 2291 canonico
1176 2239 1445 2301 Baiocen.‚
1466 2241 1756 2291 comitatus
1778 2242 2096 2308 Venayssini

178 2328 307 2373 ’πο
334 2330 390 2372 et
433 2321 667 2373 Ecclesie
692 2339 917 2374 romane
959 2323 1313 2374 thesaurario.
1351 2323 1678 2373 Venerabilis
1712 2324 1890 2375 fratris
1923 2325 2094 2375 nostri

0 2432 4 2449 ι
78 2397 83 2399 ‚
244 2402 660 2472 {elmi,episcopi
691 2405 909 2472 Apten.,
941 2405 1273 2471 inquisitoris
1306 2406 1536 2456 heretice
1569 2407 1855 2472 pravitatis
1888 2408 1941 2458 in
1975 2428 2092 2474 pro-

197 2512 281 2530 ww
312 2495 369 2538 et
384 2487 649 2540 comitatu
669 2489 969 2540 Venaissini
986 2489 1315 2540 auctoritate
1332 2490 1629 2555 apostolica
1648 2491 1929 2556 deputato,
1951 2492 2089 2543 lecta

159 2627 186 2651 va
264 2596 288 2612 ··
326 2569 480 2622 nobis
508 2571 700 2638 petitio
730 2572 1047 2623 continebat
1092 2573 1204 2636 [etc.
1227 2581 1279 2621 ut
1305 2589 1470 2637 supra
1489 2589 1645 2638 usque
1687 2572 1745 2622 in
1786 2573 1944 2638 finem
1985 2592 2089 2623 ver·

66 2715 67 2718 Ἴ
162 2653 629 2720 ,.οοωρεωηείὁω
664 2655 914 2722 mutatis}
951 2654 1210 2719 Quocirca
1245 2655 1553 2705 discretioni
1587 2665 1745 2705 tue...
1766 2656 2088 2708 mandamus

75 2735 87 2766 7
211 2725 373 2829 ⁴tinus
400 2731 572 2788 dictos
602 2737 841 2803 quinque
860 2738 1003 2788 milia
1026 2738 1252 2787 florenos
1274 2737 1389 2802 (sic)
1409 2738 1526 2788 auri
1545 2738 1702 2788 modo
1723 2738 1814 2803 qui
1844 2739 2087 2803 sequitur

231 2806 233 2811 .
250 2819 527 2871 ¹:dorum
560 2820 750 2872 statim
783 2820 1133 2872 medietatem
1168 2820 1433 2879 videlicet,
1468 2831 1523 2870 et
1554 2820 1716 2872 aliam
1736 2821 2084 2872 medietatem

278 2901 349 2955 ad
387 2920 556 2954 unum
594 2922 799 2955 annum
838 2904 980 2955 datis
1021 2904 1121 2954 tibi
1160 2903 1549 2953 sufficientibus
1589 2913 1643 2952 et
1682 2903 1884 2953 idoneis
1924 2922 2084 2969 super

207 2982 658 3037 fideiussoribus
698 2997 883 3038 nostro
923 2998 977 3037 et
1017 2988 1235 3038 Camere
1276 2997 1457 3036 nostre
1496 2986 1712 3036 nomine
1750 2987 1981 3052 recipere
2020 3004 2080 3037 ac

150 3127 157 3132 ,
164 3077 384 3162 νοηῑοε
412 3069 514 3121 tibi
541 3081 596 3121 et
624 3071 959 3136 assignantes
990 3071 1134 3121 dicta
1167 3071 1404 3136 quinque
1436 3070 1579 3121 milia
1612 3071 1935 3120 florenorum
1965 3070 2082 3121 auri

203 3149 391 3203 lvere
418 3152 485 3203 de
513 3153 612 3204 hiis
641 3172 744 3219 que
772 3154 896 3204 inde
926 3154 1025 3204 tibi
1054 3154 1229 3204 soluta
1259 3164 1313 3202 et
1341 3153 1612 3217 assignata
1643 3152 1843 3202 fuerint
1871 3152 2078 3218 plenius

222 3248 334 3286 eas
361 3243 416 3285 et
445 3234 673 3301 quitare,
704 3236 757 3287 in
788 3236 940 3286 bonis
972 3236 1223 3301 predictis
1254 3235 1496 3295 residuis,
1529 3245 1820 3300 postquam
1838 3234 1903 3284 de
1921 3234 2077 3284 dictis

267 3334 354 3368 ue
391 3317 606 3370 milibus
645 3320 759 3370 flor.
807 3319 923 3370 auri
963 3319 1062 3370 tibi
1099 3319 1314 3369 nominc
1354 3319 1594 3384 predicto
1632 3315 1973 3368 satisfactum
2013 3327 2073 3367 ut

0 3403 3 3460 ζ
82 3410 89 3415 “
149 3425 236 3480 2
249 3395 451 3450 v‘ttitur
474 3401 652 3462 fuerit,
680 3402 887 3452 dictum
919 3404 1136 3452 Petrum
1166 3403 1386 3451 velsuos
1406 3400 1783 3466 premissorum
1803 3400 2098 3454 occasione.

113 3490 120 3498 '
151 3463 243 3523 ”“ἸΙ
239 3489 417 3533 tenus
450 3484 803 3535 molestando.
839 3513 906 3520 —
940 3485 1142 3534 Datum
1179 3494 1237 3533 ut
1269 3503 1447 3548 supra.

159 2537 164 2546 s
167 2536 190 2550 d*

136 3159 219 3248 ΙΞΙΙ

126 3588 212 3646 1
239 3600 345 3644 Voir
372 3603 415 3646 la
444 3604 563 3647 bulle
592 3607 668 3660 qui
699 3608 895 3660 precede

158 3666 212 3715 3.
238 3668 458 3726 Gigondu
490 3672 755 3727 (Vaucluse),
783 3682 902 3717 cant.
932 3675 987 3716 de
1016 3676 1243 3727 Beaumes,
1271 3674 1445 3716 arrond.
1476 3674 1518 3715 d’
1523 3673 1707 3727 Orange.

87 3824 147 3930 ἑ

0 3990 1 3993 ,
98 3940 138 3991 4„

0 4058 6 4097 3
87 4010 150 4104 ξ.

93 4116 151 4204 52*
